1630 2684
497 134 611 163 COMM.
631 134 671 161 IN
691 133 798 161 VERG.
817 133 901 160 AEN.
921 134 940 161 1.
961 137 1110 161 643—651.
1380 134 1442 166 187

162 219 232 249 tes.
322 225 463 249 PALLAM
486 224 668 248 mGEN'rEM
697 215 809 247 duram
838 217 972 256 propter
1000 227 1127 257 aurum,
1159 217 1243 248 sicut
1267 217 1318 249 vel
1341 227 1443 249 novas

165 272 271 302 vestes
303 270 456 303 videmus.
507 270 670 312 significat
707 271 815 301 autem
853 268 1116 311 tunicopallium,
1149 270 1235 312 quod
1269 270 1444 302 secundum

163 323 339 357 Varronem
362 324 450 366 palla
474 323 560 356 dicta
585 325 634 355 est
658 323 698 354 ab
723 322 929 364 inrugatione
952 324 984 353 et
1007 322 1215 363 mobilitate,'
1231 334 1312 364 quae
1337 315 1392 355 est*
1411 326 1443 356 et

163 378 248 410 circa
270 377 368 409 finem
390 376 576 408 huiusmodi
599 377 754 418 vestium,
778 372 841 407 ἀπὸ
865 375 926 407 τοῦ
949 372 1094 407 πάλλειν.

243 427 325 462 -649,
362 439 406 462 ET
422 438 697 462 CIROVMTEXTVM
713 438 882 462 vELAMEN
902 429 1066 470 cycladem
1087 429 1260 471 significat.
1339 439 1443 462 AOAN-
1464 439 1479 462 5

163 493 234 516 ΤΒΟ
258 493 359 525 genus
378 484 515 525 virgulti
534 484 726 522 flexuosum,
750 483 834 525 quod
859 483 956 524 vulgo
981 482 1240 515 herbacanthum
1264 483 1388 525 dicunt,
1412 484 1446 515 in

163 537 254 570 cuius
278 537 494 569 imitationem
519 539 590 569 arte
614 536 712 569 vestis
738 538 880 568 ornatur.
933 536 1032 568 Varro
1055 537 1101 568 ita
1124 537 1232 576 refert:
1259 536 1444 569 Onesicri-

162 593 216 623 tos
238 591 305 632 ait,
328 591 368 622 in
390 590 507 622 India
529 600 603 622 esse
626 589 789 628 arbores,
817 599 909 630 quae
933 590 1058 621 lanam
1079 590 1219 629 ferant,
1245 591 1330 622 item
1352 591 1445 631 Epi-

162 645 274 676 cadus
302 645 341 676 in
368 643 522 683 Sicilia,
554 654 710 684 quarum
736 643 899 683 floribus
926 654 1031 683 quom
1058 644 1194 684 dempti
1221 645 1299 676 sint
1325 645 1447 677 nuclei

161 708 203 730 ex
224 697 283 730 his
305 698 498 739 inplicitis
520 698 694 729 mulieres
717 697 963 738 multiplicem
990 697 1172 737 conficere
1201 700 1338 730 vestem.
1374 698 1446 730 hinc
1466 705 1498 729 10

162 752 343 784 uestimenta
365 751 535 783 acanthina
557 751 721 792 appellata.

187 806 190 809 ’
253 805 326 837 650.
364 813 526 836 ORNATvs
551 813 705 836 ARGIVAE
730 813 893 836 HELENAE
921 815 940 835 a
963 803 1131 836 vicinitate
1162 804 1244 836 dixit
1268 803 1445 847 ‘Argivaez

163 860 197 890 et
219 858 317 900 paulo
346 861 423 900 post
446 858 631 900 ‘Mycenis'‚
660 869 732 889 cum
758 857 920 899 Spartana
947 857 1058 898 fuerit,
1087 869 1167 899 quae
1196 858 1311 890 civitas
1340 861 1390 891 est
1413 859 1446 890 in

128 950 130 952 Ι
163 911 336 953 Laeonica3
359 923 435 944 nam
458 912 597 954 legimus
621 923 676 943 me
701 911 793 943 duce
813 910 1031 943 Dardanius
1053 910 1229 952 Spartam
1255 923 1447 954 expugna-

163 965 220 997 vit
244 965 406 998 adulter.
444 969 476 998 et
495 966 567 998 vide
591 966 657 997 iam
677 976 771 997 omen
794 965 998 997 infelicitatis
1022 965 1163 1006 futurae,
1186 971 1259 997 'cum
1283 966 1447 998 adulterae
1469 974 1500 996 15

164 1019 300 1061 suscipit
323 1031 464 1051 munera.
556 1020 657 1055 *oros
679 1032 746 1051 lux
769 1031 897 1050 ,izrcfflzs
919 1018 967 1050 liic
994 1029 1109 1060 quoque
1137 1019 1356 1063 commendatio
1384 1030 1448 1052 mu-

163 1073 247 1104 neris
266 1083 291 1115 *a
308 1083 456 1114 persona,
479 1083 557 1114 quae
580 1074 613 1104 in
636 1073 713 1113 fuya
736 1072 843 1113 mayni
864 1071 1004 1111 fecerit*

253 1125 327 1158 651.
365 1139 500 1159 PERGAMA
522 1139 583 1159 cru
602 1139 733 1158 mercem
753 1136 785 1157 eo
810 1128 942 1166 tempore
964 1135 1022 1166 quo
1041 1136 1062 1157 a
1080 1126 1196 1158 Paride
1218 1127 1383 1158 sollicitata
1406 1130 1450 1159 cst

164 1179 286 1211 Helena
306 1180 419 1212 Venere
439 1180 582 1222 faciente,
605 1190 682 1220 quae
704 1180 732 1211 ei
748 1179 926 1220 praemium
944 1189 1004 1219 pro
1028 1179 1168 1220 victoria,
1192 1191 1286 1220 quam
1308 1181 1344 1212 de
1366 1181 1448 1213 malo

163 1243 256 1264 aureo
278 1236 445 1275 acceperat,
469 1234 605 1265 alienum
628 1233 863 1264 matrimonium
882 1233 1051 1264 concilians
1069 1233 1206 1264 solverat.
1243 1236 1317 1265 nota
1338 1234 1447 1273 fabula
1467 1241 1501 1264 20

164 1286 302 1319 omnibus
325 1288 474 1319 traditum
497 1290 551 1329 cst,
579 1287 721 1327 quamvis
748 1297 820 1318 vera
847 1286 978 1318 historia
1005 1286 1060 1318 lioc
1087 1286 1196 1318 habere
1222 1288 1356 1326 dicatur,
1386 1298 1449 1319 non

164 1341 361 1372 sollicitatam
383 1351 404 1372 a
427 1340 545 1373 Paride
565 1341 732 1379 Helenam,
756 1341 809 1372 secl
830 1350 899 1371 cum
923 1351 984 1371 non
1008 1341 1036 1371 ci
1058 1341 1250 1382 consentiret,
1273 1344 1308 1372 ut
1330 1341 1449 1373 absente
1503 1333 1508 1338 ⁹

165 1404 198 1426 eo
223 1396 354 1435 tempore
375 1394 518 1426 Blenclao
541 1397 646 1435 sponte
669 1404 737 1426 eum
760 1396 933 1434 sequeretur
955 1394 998 1425 acl
1017 1393 1158 1432 Troiam,
1183 1397 1356 1435 exgmqnata
1379 1396 1448 1426 civi-

166 1449 226 1479 tate
248 1448 279 1479 vi
302 1458 322 1479 a
345 1447 461 1480 Paride
483 1448 646 1480 sublatam.
692 1449 771 1480 unde
792 1448 910 1487 factum
933 1450 988 1485 est,
1016 1450 1051 1478 ut
1074 1447 1169 1479 Paris
1193 1448 1312 1487 timore,
1336 1459 1374 1480 ne
1396 1449 1450 1489 qui

237 1538 252 1561 2
273 1535 349 1569 quod
369 1557 374 1562 .
391 1556 418 1562 ..
439 1533 494 1562 ἀπὸ
515 1536 565 1562 τοῦ
586 1533 714 1570 πάλλειν]
734 1535 768 1562 cf.
789 1535 853 1562 lsid.
875 1535 942 1568 orig.
963 1535 1026 1561 XIX
1046 1538 1089 1568 25,
1109 1536 1178 1569 2115
1199 1535 1344 1569 cycladem
1364 1536 1448 1570 signi-

166 1571 243 1605 ficat]
264 1571 298 1597 ef.
317 1570 382 1598 Isid.
402 1571 471 1606 orig.
491 1571 556 1597 XIX
575 1575 618 1603 24,
635 1575 666 1598 10
681 1573 690 1605 ΙΙ
704 1580 825 1597 ΔοΑΝτιιο
845 1579 933 1605 genus
954 1579 977 1597 e.
993 1580 1018 1604 q.
1034 1571 1068 1605 S.]
1089 1579 1176 1599 exscr.
1197 1571 1261 1598 Isid.
1283 1571 1351 1606 orig.
1372 1572 1448 1598 XVII

168 1609 192 1640 9,
212 1607 318 1641 211114
337 1614 382 1633 me
402 1606 484 1641 duce]
506 1607 538 1634 A,
558 1607 582 1633 X
601 1610 634 1634 92

239 1690 251 1713 l
272 1687 317 1713 vel
338 1687 442 1714 CHP:
466 1687 494 1713 et
512 1686 622 1713 ΙᾸΜΟΒ
642 1688 651 1721 ΙΙ
675 1690 690 1713 2
710 1687 924 1721 tunicapallium
947 1686 979 1713 O³
1002 1688 1011 1720 ΙΙ
1034 1690 1050 1713 4
1070 1686 1144 1713 circa
1163 1687 1257 1721 finem]
1278 1687 1306 1713 in
1325 1688 1379 1714 fine
1400 1688 1449 1714 Ml

167 1722 251 1749 finem
269 1722 296 1749 B
315 1723 324 1757 ΙΙ
347 1731 449 1750 natum
469 1723 493 1749 C'
518 1723 598 1768 ripa
618 1723 643 1748 L
671 1732 773 1749 mmmm
794 1723 827 1749 ΙΙ
851 1731 967 1749 manaem
988 1723 1024 1748 M
1040 1723 1050 1756 ΙΙ
1074 1726 1088 1748 5
1109 1723 1145 1749 ad
1163 1731 1186 1749 v.
1208 1726 1258 1750 649
1278 1723 1314 1749 Et
1333 1722 1448 1749 circum-

166 1776 275 1802 textum
290 1776 431 1810 uelamen]
448 1776 584 1802 cicladem
599 1775 747 1810 significat.
772 1775 933 1810 Achantho]
950 1758 1037 1802 herba
1051 1776 1210 1802 anchantho
1226 1775 1255 1802 id
1271 1777 1313 1802 est
1327 1775 1450 1802 flexiuile

166 1811 289 1845 uirgulto
318 1811 347 1838 iu
376 1812 454 1838 cuius
482 1811 675 1838 emitationem
699 1813 759 1838 arte
783 1811 869 1838 uestis
893 1812 1008 1837 ornatur
1031 1812 1059 1837 ct
1083 1811 1235 1838 conficitur.
1273 1811 1362 1837 Varro
1387 1820 1450 1837 cum

165 1846 225 1873 deti
250 1846 306 1873 sint
333 1847 444 1883 nuculei
471 1847 529 1874 exis
558 1847 703 1881 implicitis
723 1847 852 1874 mulieres
878 1846 1063 1880 multiplicem
1091 1847 1226 1873 conficere
1252 1849 1360 1873 uestem
1385 1846 1450 1873 hinc

166 1882 333 1909 uestimenta
356 1883 508 1909 achantina
532 1883 684 1917 appellata.
706 1883 734 1909 P
752 1883 762 1917 ΙΙ
784 1892 905 1909 ΛοΗΑΝΤο
925 1882 952 1907 B
959 1882 1023 1908 LH
1026 1882 1063 1908 M
1089 1891 1229 1908 Acmxrno
1251 1882 1274 1909 0
1294 1883 1304 1916 [Ι
1327 1885 1342 1908 6
1362 1890 1450 1916 genus

166 1917 284 1952 uirgulti
303 1918 469 1953 flexuosum]
490 1918 631 1945 achantho
652 1918 680 1944 id
695 1919 737 1945 est
756 1917 872 1945 flexibili
886 1917 1010 1951 uirgulto
1026 1918 1049 1944 0
1060 1918 1070 1951 ss
1084 1918 1157 1951 quod
1178 1939 1182 1944 .
1200 1939 1205 1944 .
1222 1940 1227 1944 .
1247 1917 1345 1968 dicunt
1363 1926 1412 1944 om.
1430 1917 1453 1944 Ο

167 1970 252 2004 (quod
270 1970 356 2005 uulgo
376 1971 464 1998 herba,
483 1972 617 1998 chantum
636 1979 767 2005 superscr.
784 1971 827 2004 0³)
842 1972 851 2005 ΙΙ
873 1971 1114 1998 herbachanthum
1129 1971 1156 1997 B
1183 1971 1406 1998 herbacanthum
1425 1971 1450 1997 L

166 2006 386 2033 herbaehantum
415 2007 489 2034 HM
514 2009 523 2041 ΙΙ
557 2011 570 2034 7
599 2007 769 2034 Onesicritos
797 2007 830 2034 C:
858 2006 1022 2033 Nescicntes
1050 2006 1197 2040 Scioppius
1225 2007 1358 2039 enotavit,
1386 2008 1450 2033 inde

166 2041 310 2069 Neanthes
340 2042 452 2069 Vossius
480 2044 517 2069 acl
546 2043 610 2069 Vell.
638 2043 745 2069 Patere.
770 2043 794 2069 Π
818 2045 851 2068 56
880 2042 985 2069 Ctesias
1011 2042 1167 2069 DIasvicius
1194 2043 1203 2076 ΙΙ
1230 2045 1246 2068 9
1270 2042 1377 2068 siciliae
1403 2043 1444 2069 0*

166 2086 251 2110 quom
273 2078 386 2111 scripsi:
412 2087 475 2105 com
500 2079 523 2105 G
548 2080 557 2113 ΙΙ
584 2078 678 2105 nuclei
701 2079 848 2111 Scioppius
869 2078 1004 2104 enotavit:
1026 2078 1139 2105 nuculei
1159 2077 1182 2104 G
1206 2079 1216 2112 ΙΙ
1246 2081 1277 2104 10
1302 2077 1379 2112 hinc]
1404 2078 1450 2104 hic

170 2112 193 2139 G
203 2113 213 2146 ΙΙ
229 2115 260 2139 11
280 2113 431 2140 achantina
451 2114 474 2141 0
485 2115 495 2148 ΙΙ
511 2117 542 2140 12
563 2115 600 2141 ad
618 2123 641 2140 v.
662 2116 713 2140 650
735 2114 856 2140 Ornatus
874 2113 996 2147 Argiuae
1015 2113 1150 2148 Helenae]
1172 2122 1189 2140 a
1207 2113 1352 2140 uicinitate
1371 2113 1450 2146 dixit,

166 2156 231 2174 nam
251 2148 292 2175 ait
310 2148 396 2176 etiam
417 2149 575 2183 ‘Mycenis',
596 2158 658 2176 cum
679 2149 818 2183 Spartana
836 2149 927 2175 fuerit.
955 2157 1021 2175 nam
1040 2149 1160 2183 legimus
1181 2149 1236 2175 ‘me
1257 2149 1326 2175 duce
1346 2149 1450 2175 Darda-

167 2183 229 2210 nius
248 2183 377 2218 Spartam
405 2185 577 2219 expugnauit
597 2185 790 2219 (expugnabit)
810 2184 940 2211 adulter’.
962 2185 990 2210 P
1015 2185 1024 2218 ΙΙ
1052 2194 1167 2211 onxuvs
1190 2194 1306 2211 numm-2
1330 2194 1449 2210 neum-Al:

169 2228 237 2248 Qvos
256 2229 316 2246 uma
335 2230 447 2246 uycssxm
467 2221 513 2247 hic
532 2229 642 2254 quoque
663 2243 667 2247 .
690 2242 695 2247 .
717 2242 721 2247 .
742 2220 928 2254 magnificerit
948 2219 971 2246 0
991 2221 1000 2254 ΙΙ
1026 2223 1056 2246 13
1077 2221 1106 2247 et
1125 2220 1209 2255 paulo
1229 2220 1305 2254 post]
1325 2229 1390 2246 nam
1410 2220 1451 2246 ait

168 2253 254 2281 etiam
273 2255 297 2281 0
316 2256 326 2289 ss
355 2258 387 2282 18
407 2257 444 2282 ad
462 2264 486 2282 v.
507 2259 556 2283 651
578 2257 716 2291 Pergama
735 2265 798 2282 cum
817 2256 936 2317 pcterelt}
964 2264 996 2282 eo
1014 2257 1140 2290 tempore
1161 2276 1167 2282 .
1189 2277 1194 2283 .
1215 2276 1220 2281 .
1240 2255 1369 2282 faciente.
1408 2255 1449 2281 ln-

169 2297 366 2324 concessosque
386 2291 568 2326 hymenaeos]
590 2293 617 2318 et
636 2292 694 2319 fato
714 2293 743 2318 et
761 2291 878 2326 legibus.
936 2299 1087 2325 ymenaeus
1105 2291 1220 2325 quidam
1239 2292 1308 2325 aput
1326 2290 1449 2316 Athenas

170 2345 174 2350 .
187 2345 193 2351 .
204 2345 210 2352 .
225 2325 384 2353 liberatoris
398 2326 577 2361 uirginitatis.
591 2327 618 2353 1²
630 2329 640 2361 11
654 2327 777 2354 sollicita
793 2327 815 2354 O
832 2328 912 2361 (corr.
929 2327 972 2360 0²)
987 2328 996 2361 ΙΙ
1013 2330 1044 2353 19
1064 2327 1092 2353 ἰη
1111 2327 1266 2361 praemium
1282 2326 1428 2359 Scioppius
1442 2329 1443 2334 ¹

170 2363 204 2386 20
223 2360 358 2396 solverat]
380 2361 452 2388 sicut
470 2363 618 2397 Scioppius
