1630 2684
463 174 578 203 COMM.
598 175 638 201 IN
657 174 765 202 VERG.
785 175 869 203 AEN.
889 176 922 203 ΙΙ,
943 179 1020 204 3-7.
1318 178 1383 209 213

100 257 185 289 hanc
207 267 352 290 causam:
376 255 502 289 Aeacus
526 267 599 288 cum
622 257 657 288 in
681 256 796 288 arbore
819 257 872 289 fici
896 257 1061 299 formicas,
1085 258 1118 290 id
1142 261 1191 291 est
1210 257 1385 301 μύρμηκας

101 310 250 352 vidisset,
278 309 403 352 optavit
430 311 482 342 tot
511 310 574 342 sibi
602 310 707 342 socios
731 310 873 350 evenire,
902 312 934 342 et
958 311 1071 343 statim
1095 312 1248 344 formicae
1272 313 1307 344 in
1329 313 1384 344 ho-

101 364 205 396 mines
233 374 345 396 versae
374 365 458 395 sunt.
505 363 560 395 sed
587 363 649 395 hoc
677 363 808 394 fabulae
837 365 896 395 est.
941 375 1016 395 nam
1040 364 1276 396 Eratosthenes
1305 365 1384 397 dicit

100 416 320 459 Myrmidones
351 415 454 448 dictos
487 428 506 448 a
533 426 611 458 rege
638 416 858 458 Myrmidono.
948 430 1151 449 MYRMIDONVM
1171 418 1384 458 Myrmidones

99 473 173 503 sunt
193 469 327 502 Achillis
353 469 440 508 socii,
469 469 601 510 Dolopes
624 470 756 511 Pyrrhi,
786 480 861 510 quos
888 473 923 502 ut
949 471 1076 511 quidam
1103 471 1210 503 volunt
1231 472 1266 503 de
1289 471 1383 512 Scyro

100 523 205 557 insula
226 523 317 555 duait
338 523 382 555 ad
404 523 541 555 Troiam.
588 523 663 555 dicti
689 526 792 555 antem
819 526 893 555 sunt
915 524 1128 564 Myrmidones
1150 527 1277 565 propter
1304 524 1384 556 hane

98 586 242 609 oausam:
264 576 398 615 Aeacus,
422 576 508 608 Iovis
525 578 554 608 et
571 576 711 617 Aeyinae
733 577 832 617 filius,
856 587 925 608 cum
943 577 1029 609 vellet
1051 578 1162 610 matris
1185 588 1259 610 suae
1277 589 1382 619 perpe-

98 633 186 664 tuam
207 629 388 662 memoriam
405 640 601 671 permanere,
624 630 775 670 insulam,
805 630 839 661 in
861 641 924 670 qua
946 631 1106 672 reynabat,
1129 642 1150 662 a
1172 632 1296 663 nomine
1318 632 1384 663 eius

97 683 252 725 Aefinam
278 683 452 723 amellamt.
498 682 554 714 hoe
582 683 748 723 indiynata
770 683 854 714 Iuno
876 684 1055 724 pestilentia
1082 684 1159 715 cives
1186 684 1252 715 eius
1281 694 1383 716 omnes

96 737 285 778 absumis&
313 737 396 777 qaod
417 746 485 767 enm
507 736 631 768 vidisset
653 736 776 768 Aeacus
793 737 872 776 petit
893 747 914 767 a
937 736 1021 774 Iove,
1045 739 1080 768 ut
1100 737 1260 777 formicae,
1284 738 1319 769 id
1340 740 1384 769 est

97 788 280 833 μύρμηκες,
304 800 383 830 quas
405 800 479 822 casu
502 790 762 822 animadverterat
779 790 898 831 plures,
927 791 962 822 in
984 790 1121 822 homines
1144 793 1172 822 et
1194 801 1264 822 suos
1287 792 1383 823 socios

96 845 292 876 verterentur.
336 843 391 883 qui
412 843 518 875 statim
541 843 655 875 mutati
677 843 713 874 in
735 843 873 875 homines
895 844 1110 884 Myrmidones
1133 844 1281 884 appellati
1302 847 1382 876 sunt.

96 897 150 929 sed
170 895 225 928 hoc
244 896 355 936 fabula
378 899 429 928 est.
466 906 542 928 nam
560 896 780 928 Eratosthenes
802 897 890 937 dicit,
912 897 1134 937 Myrmidonas
1156 898 1251 929 dictos
1273 908 1294 928 a
1316 908 1383 938 reye

96 950 311 991 Myrmidono,
333 949 419 982 Iovis
441 952 470 982 et
492 950 726 990 Eurymedusae
747 950 822 990 filio.
858 960 933 982 sane
956 953 1044 982 amat
1065 950 1118 982 lios
1141 951 1290 983 exereitus
1312 952 1382 983 iun-

95 1013 183 1045 yere;
206 1013 282 1035 nam
305 1006 334 1034 et
350 1005 423 1043 post
444 1004 491 1039 ait
513 1003 598 1044 (29)
621 1003 679 1034 hie
702 1003 885 1044 Dolopum
908 1013 1051 1042 manus,
1074 1004 1132 1036 liic
1154 1014 1283 1036 saevus
1307 1007 1382 1036 ten-

96 1057 202 1089 debat
219 1056 397 1088 Aehilles.
481 1066 550 1088 Avr
574 1065 659 1088 Dvm
679 1065 782 1088 MILES
803 1065 900 1087 vmxl
925 1056 1020 1088 ‘duri'
1044 1067 1109 1088 non
1133 1057 1302 1099 laboriosi,
1327 1058 1382 1090 sed

97 1110 250 1152 crudelis,
273 1112 310 1142 ut
334 1110 384 1151 <X
399 1111 464 1151 44>
489 1121 598 1152 quem
621 1110 687 1141 dat
710 1111 777 1141 tua
796 1110 961 1142 coniunx
982 1110 1083 1141 dura.
1124 1121 1199 1142 nam
1215 1111 1381 1153 Vergilius

96 1175 156 1206 pro
179 1163 386 1205 negotiorum
410 1163 571 1204 qualitate
594 1163 650 1195 dat
674 1162 833 1204 epitheta,
862 1174 934 1194 cum
958 1163 1119 1195 Homerus
1148 1164 1260 1196 eadem
1284 1165 1382 1197 etiam

96 1217 132 1249 in
163 1216 335 1252 eontrariis
369 1219 483 1248 servet.
530 1226 642 1247 sensus
672 1218 781 1248 autem
810 1218 858 1247 est
890 1215 975 1247 ‘sine
1003 1216 1146 1248 lacrimis
1174 1217 1254 1249 haec
1281 1229 1340 1250 nec
1363 1230 1382 1250 a

98 1270 212 1313 quovis
240 1269 385 1302 hostium
414 1268 620 1301 dicerentur'.
667 1269 747 1300 illud
776 1271 884 1300 autem
908 1269 992 1310 quod
1016 1269 1149 1302 Asinius
1174 1270 1281 1302 Pollio
1306 1271 1383 1303 dicit

97 1325 183 1357 caret
212 1323 353 1364 ratione,
384 1313 431 1354 de·
450 1322 689 1354 Achaemenide
719 1322 842 1353 dictum
874 1322 985 1354 ‘miles
1014 1322 1129 1364 Ulixi',
1159 1323 1381 1365 Myrmidonas

97 1388 174 1426 vero
199 1378 232 1409 et
249 1376 395 1418 Dolopas
419 1378 607 1429 pJaesentes
627 1386 711 1417 esse,
736 1378 886 1417 acceptos
906 1377 946 1408 ab
966 1376 1104 1418 Heleno3
1129 1377 1175 1408 sic
1195 1377 1280 1409 enim
1304 1378 1382 1410 dicti

96 1430 260 1472 frangitur
283 1428 446 1472 dignitas*
523 1442 613 1462 miss
638 1430 730 1469 nrm]
757 1430 856 1469 [sane]
877 1430 1028 1469 quaedam
1045 1430 1074 1462 si
1091 1430 1292 1471 sinynlariter
1308 1442 1381 1471 pro-

95 1485 252 1525 ferantur,
275 1484 430 1516 interdum
451 1484 593 1525 yratiora
616 1485 701 1524 sunt,
724 1485 759 1514 ut
782 1482 817 1523 <1
838 1482 923 1524 574>
950 1483 1041 1515 Tros
1062 1483 1268 1524 Tyriusque
1290 1485 1383 1517 milii

97 1537 201 1570 nullo
237 1537 455 1569 discrimine
486 1539 624 1578 ayetur.
672 1535 792 1568 ‘Ulioei'
825 1538 941 1567 antem'
961 1539 1045 1568 vetus
1073 1537 1228 1583 yenetiviis
1259 1540 1316 1579 est,
1348 1541 1384 1569 nt

98 1590 135 1632 <1
158 1591 223 1631 30>
246 1592 356 1631 atque
378 1591 525 1623 inmitis
547 1590 699 1622 Achilli.

170 1673 183 1697 1
204 1670 312 1697 Aeacus
331 1678 395 1696 cum
414 1691 420 1698 .
437 1690 443 1696 .
461 1690 466 1696 .
487 1677 504 1696 a
522 1677 588 1703 rege
607 1668 796 1703 Myrmidono]
817 1676 902 1695 exscr.
922 1668 1060 1702 mythogr.
1082 1669 1093 1694 I
1113 1671 1146 1695 67
1167 1669 1195 1695 et
1214 1669 1238 1694 II
1258 1671 1317 1695 204.
1347 1669 1380 1696 cf.

99 1705 165 1733 Isid.
186 1705 254 1740 orig.
275 1705 314 1732 IX
333 1708 362 1739 2,
383 1708 415 1732 75

173 1781 185 1804 1
210 1777 320 1803 Aeacus
343 1776 416 1803 iouis
435 1776 559 1803 Karolir.
582 1778 632 1802 116
658 1775 786 1802 aeacusio
806 1775 840 1801 H
868 1775 976 1801 Aeacus
998 1774 1072 1801 Iovis
1095 1776 1124 1801 et
1146 1775 1271 1809 Aeginae
1299 1774 1381 1807 filius,

98 1821 162 1840 cum
186 1813 252 1847 post
274 1812 391 1839 amissos
415 1811 578 1846 pestilentia
601 1811 690 1837 socios
714 1810 744 1837 in
767 1811 865 1837 arbore
884 1811 914 1836 D
936 1811 946 1844 ΙΙ
969 1808 1126 1845 μύρμηκας]
1154 1810 1300 1844 myrmicas
1320 1811 1385 1836 LH

97 1848 239 1875 mii-micas
259 1847 330 1874 ME
351 1848 361 1881 ΙΙ
388 1850 403 1874 3
423 1847 536 1873 fabulae
558 1846 641 1873 ME:
664 1846 759 1873 fabule
783 1855 816 1872 ex
839 1846 943 1872 famule
962 1846 995 1871 H
1024 1845 1121 1872 fabula
1139 1846 1165 1871 L
1193 1846 1315 1879 (fabulae
1335 1847 1354 1879 l)

99 1887 115 1910 4
134 1883 317 1910 mirmidonas
338 1883 374 1909 M
391 1884 400 1916 ΙΙ
419 1882 522 1917 dictos]
543 1882 617 1908 dicte
638 1883 702 1908 sunt
720 1882 754 1907 H
768 1883 777 1915 ΙΙ
801 1885 816 1908 5
836 1881 920 1915 Scyro
940 1881 1090 1915 Berykins:
1110 1881 1181 1908 ferro
1203 1880 1226 1907 0
1241 1882 1251 1914 ΙΙ
1275 1884 1289 1908 7
1309 1880 1381 1908 101118

97 1919 169 1946 iouis
190 1919 263 1953 0118
283 1918 403 1945 insulam
424 1918 471 1944 0²:
489 1917 600 1944 insuam
620 1918 643 1944 0
654 1919 664 1952 ΙΙ
685 1920 700 1944 9
721 1917 857 1951 apellauit
877 1916 920 1951 011
939 1920 969 1942 11
992 1915 1147 1951 μύρμηκες]
1168 1916 1313 1950 mirmyees
1333 1916 1357 1943 0
1373 1917 1381 1949 1}

101 1976 133 2000 13
152 1971 352 2006 myrmidonais
373 1971 396 1998 0
407 1973 416 2007 ss
430 1971 520 1998 dictos
539 1979 571 1998 ex
591 1970 680 1997 dictas
699 1973 730 1997 ut
748 1971 856 1997 videtur
872 1970 894 1996 0
905 1971 915 2003 ΙΙ
931 1973 963 1996 14
982 1969 1054 1996 101118
1075 1969 1121 1996 0².-
1140 1969 1218 1996 ioues
1239 1969 1380 2003 011Eury-

98 2008 230 2035 medusae
249 2009 343 2042 vulqo:
363 2007 541 2034 eurimedone
557 2006 648 2040 01115
669 2007 697 2033 et
717 2006 764 2033 0²:
783 2014 832 2032 om.
850 2006 872 2032 0
884 2007 892 2040 ss
909 2009 940 2032 16
960 2005 1106 2037 laboriosi,
1126 2005 1192 2038 quia
1211 2013 1266 2031 non
1285 2005 1380 2032 lauda-

98 2044 142 2071 ret
160 2052 223 2070 eum
242 2052 305 2070 cum
325 2044 397 2070 esset
419 2042 520 2076 hostis,
543 2042 616 2068 unde
641 2042 690 2068 ille
714 2041 804 2074 (ovid.
823 2044 883 2068 met.
903 2041 954 2067 XII
974 2041 1035 2074 547)
1056 2040 1133 2067 ‘nam
1151 2049 1241 2074 neque
1260 2040 1381 2074 Deipho—

99 2080 166 2106 bum
189 2087 241 2106 nec
259 2079 463 2113 Polydamanta.
486 2086 576 2112 neque
600 2078 693 2111 ipsum
711 2077 833 2103 Hectora
856 2076 1015 2109 laudamus;
1042 2076 1103 2110 quis
1128 2076 1202 2102 8111111
1225 2076 1383 2103 laudaverit

98 2115 239 2142 hostem'?
259 2115 309 2142 sed
327 2115 390 2141 duri
408 2114 438 2141 id
458 2115 501 2140 est
519 2113 639 2140 crudelis
658 2113 687 2139 D
701 2114 710 2146 ἰΙ
730 2116 761 2139 17
783 2121 866 2146 quam
886 2112 933 2139 det
957 2112 1094 2146 Veryilius
1107 2112 1116 2146 ΙΙ
1137 2114 1169 2138 18
1189 2111 1305 2138 eandem
1325 2112 1358 2137 H
1373 2112 1382 2146 Η

100 2153 135 2177 20
152 2150 234 2184 ponii
251 2158 284 2177 eae
303 2150 391 2184 pollio
411 2150 443 2176 H
460 2150 469 2184 ΙΙ
488 2152 521 2175 22
542 2149 642 2175 heleno
661 2149 692 2174 ut
710 2149 854 2181 tamquam
873 2147 907 2174 de
927 2147 994 2181 ipsis
1013 2146 1203 2181 intellegimus
1223 2155 1322 2173 eneam
1341 2147 1380 2173 di-

101 2193 169 2212 cere.
203 2194 254 2212 1180
272 2186 323 2212 1108
342 2185 456 2220 quidem
475 2187 519 2218 (ne
539 2193 586 2211 eos
605 2184 718 2217 quidem
738 2184 756 2217 l)
776 2192 856 2217 posse
876 2183 1052 2210 calamitates
1070 2182 1159 2209 troiae
1179 2182 1238 2209 sine
1257 2182 1380 2209 lacrimis

102 2229 135 2247 ex
156 2221 250 2248 licare.
288 2221 337 2248 sed
362 2221 386 2248 si
409 2221 449 2248 sic
472 2220 669 2254 intellegamus
692 2219 830 2253 frangitur
849 2218 971 2253 dignitas
990 2218 1020 2244 E
1046 2219 1078 2245 ut
1095 2219 1241 2252 tamquam
1261 2239 1267 2245 .
1288 2239 1294 2244 .
1315 2239 1320 2245 .
1340 2217 1380 2243 in-

100 2256 140 2282 tel
153 2264 267 2290 egamus
286 2257 296 2283 l
314 2265 417 2291 quoque
435 2257 467 2283 in
485 2264 570 2290 mary.
589 2257 599 2290 ΙΙ
622 2255 660 2281 810
680 2254 754 2281 8111111
774 2254 843 2281 dicti
861 2254 999 2288 frangitur
1019 2254 1067 2280 M:
1091 2254 1130 2280 sic
1149 2253 1223 2280 enim
1242 2253 1381 2287 frangitur

505 2301 561 2320 dicti

101 2325 171 2352 dicti
190 2326 214 2353 0
242 2327 266 2353 si
285 2327 325 2354 sic
344 2326 418 2354 enim
438 2326 507 2353 dicit
525 2326 664 2360 frangitur
683 2325 708 2351 L
736 2324 814 2358 (dicti
833 2333 965 2358 saperscr.
985 2325 1004 2358 l)
1037 2324 1076 2351 sic
1096 2325 1170 2351 enim
1190 2324 1259 2350 dicit
1277 2323 1380 2358 frangi-

101 2362 154 2423 tu&
166 2361 214 2423 HC
223 2361 247 2388 si
265 2362 305 2388 sic
324 2362 399 2389 enim
417 2362 614 2397 intellegamus
634 2361 701 2388 dicti
721 2360 859 2395 frangitur
878 2369 904 2387 m
922 2361 931 2394 ΙΙ
954 2363 988 2387 23
1009 2360 1187 2395 singulariter
1207 2360 1253 2386 0²:
1278 2359 1379 2393 sigula-

102 2405 125 2423 n
156 2406 170 2423 r

1404 743 1435 766 10

1404 1010 1435 1032 15

1401 1276 1435 1299 20

1401 1542 1434 1565 25
