1630 2684
96 2340 99 2343 1
130 2334 159 2360 p.
178 2329 228 2382 ²32¹
248 2327 282 2355 R.
308 2327 431 2361 Unyerus
450 2336 515 2354 ann.
531 2327 601 2361 phil.
621 2330 638 2354 t.
660 2326 746 2353 CXIII
761 2335 791 2360 p.
812 2329 863 2353 429
872 2335 927 2361 sqq.
951 2328 960 2360 ΙΙ
984 2325 1217 2361 epigrammatam
1237 2325 1297 2352 GH
1316 2326 1326 2359 fl
1343 2305 1354 2318 e
1371 2333 1415 2351 co-

518 565 675 602 SERVII
704 563 1007 601 GRAMMATICI

179 712 181 715 .
217 655 274 695 IN
306 654 549 697 VERGILII
579 652 844 695 AENEIDOS
876 646 1082 694 LIBRVM
1112 651 1324 694 PRIMVM

554 749 974 808 COMMENTARIVS.

215 909 254 941 In
278 908 473 950 exponendis
498 907 683 940 auctoribus
707 907 788 939 haec
812 906 1044 939 consideranda
1074 908 1165 938 sunt:
1193 907 1308 948 poetae
1332 906 1409 944 vita,

125 962 243 995 titulus
262 963 383 1004 operis,
408 962 549 1003 qualitas
569 960 739 1002 carminis,
763 960 933 992 scribentis
958 960 1111 1001 intentio,
1134 959 1288 992 numerus
1312 959 1410 992 libro-

127 1027 213 1058 rum,
237 1016 315 1048 ordo
339 1016 511 1056 librorum,
535 1014 730 1056 explanatio.
766 1013 908 1056 Vergilii
931 1013 1012 1045 haec
1034 1014 1103 1045 vita
1122 1016 1180 1045 est.
1218 1015 1309 1055 patre
1329 1012 1411 1045 Ver—

127 1069 208 1111 gilio
232 1071 336 1101 matre
359 1068 470 1110 Magia
493 1068 569 1109 fuit3
594 1067 672 1099 civis
691 1066 902 1108 Mantuanus,
926 1078 1008 1108 quae
1032 1066 1147 1099 civitas
1172 1068 1222 1097 est
1244 1065 1411 1098 Venetiae.

127 1122 263 1154 diversis
282 1122 315 1153 in
336 1121 416 1154 locis
436 1132 569 1162 operam
588 1120 710 1152 litteris
729 1120 831 1162 dedit3
851 1131 927 1151 nam
946 1122 978 1151 et
993 1118 1171 1151 Cremonae
1187 1121 1219 1150 et
1233 1119 1410 1151 Mediolani
1430 1127 1445 1151 5

128 1177 162 1207 et
179 1175 319 1216 Neapoli
338 1174 471 1206 studuit.
508 1174 587 1206 adeo
608 1175 716 1206 autem
736 1173 1026 1205 verecundissimus
1050 1173 1127 1214 fuit,
1150 1174 1188 1204 ut
1207 1183 1245 1204 ex
1265 1172 1410 1204 moribus

128 1238 307 1270 cognomen
330 1227 503 1269 acceperit3
527 1238 604 1259 nam
622 1227 727 1259 dictus
747 1228 796 1259 est
816 1226 1019 1259 Parthenias.
1057 1226 1147 1258 omni
1165 1226 1234 1258 vita
1252 1226 1410 1267 probatus

126 1292 191 1314 uno
215 1283 344 1313 tantum
368 1281 482 1313 morbo
506 1280 692 1322 laborabat;
715 1291 792 1311 nam
810 1279 973 1321 inpatiens
997 1279 1143 1311 libidinis
1162 1279 1233 1311 fuit.
1270 1279 1411 1321 primum

127 1336 168 1368 ab
191 1335 254 1367 hoc
278 1334 441 1367 distichon
464 1334 588 1366 factum
612 1335 661 1366 est
683 1334 718 1365 in
741 1333 914 1365 Ballistam
938 1333 1098 1365 latronem

287 1388 416 1420 Monte
441 1387 510 1419 sub
533 1387 604 1419 hoc
627 1387 800 1428 lapidum
824 1386 975 1428 tegitur
998 1386 1170 1418 Ballista
1194 1385 1388 1427 sepultus:
1432 1395 1464 1418 10

376 1443 489 1473 nocte
513 1440 573 1472 die
597 1441 727 1472 tutum
750 1451 864 1481 carpe
890 1440 1018 1471 viator
1042 1439 1126 1471 iter.

130 1495 260 1536 scripsit
289 1494 386 1526 etiam
415 1495 541 1535 septem
570 1493 638 1525 sive
662 1496 735 1525 octo
759 1493 860 1525 libros
884 1492 957 1524 hos:
989 1491 1080 1524 Cirin
1103 1492 1244 1524 Aetnam
1268 1490 1412 1523 Culicem

129 1548 279 1590 Priapeia
302 1547 496 1588 Oatalepton
514 1547 764 1589 Epigrammata
783 1545 905 1588 Oopam
928 1546 1036 1578 Diras.
1072 1547 1187 1587 postea
1210 1545 1291 1577 ortis
1315 1545 1412 1577 bellis

201 1647 214 1670 1
235 1644 268 1670 In
286 1643 455 1678 exponendis
475 1665 480 1670 .
497 1665 502 1671 .
519 1664 525 1670 .
544 1643 604 1670 vita
622 1651 672 1670 om.
687 1643 714 1669 Β
728 1644 738 1677 ΙῙ
752 1643 893 1670 actoribus
912 1643 937 1669 G
950 1644 960 1677 ll
973 1642 1034 1669 uita
1052 1643 1154 1676 poetae
1173 1641 1203 1667 Ε
1215 1642 1224 1675 ΙΙ
1238 1644 1254 1668 2
1274 1641 1413 1668 scribendi

127 1679 248 1707 intentio
267 1679 293 1706 G
316 1681 326 1714 ΙΙ
348 1682 364 1706 3
384 1679 515 1714 Vergilii]
535 1678 641 1713 uirgilii
665 1679 737 1705 libri.
774 1679 853 1706 semel
871 1687 963 1705 moneo
981 1678 1143 1712 ubicumque
1156 1680 1241 1711 poeta
1258 1678 1414 1704 nominetur

129 1715 273 1749 antiquam
286 1722 327 1741 me
339 1715 460 1741 nominis
473 1715 590 1747 formam
605 1715 730 1748 posuisse
743 1723 825 1748 quam
842 1715 977 1748 pleniores
994 1714 1071 1747 libri,
1091 1715 1122 1740 ut
1139 1713 1289 1747 yeneratim
1308 1713 1414 1747 loquar,

129 1753 179 1778 aut
196 1751 357 1785 plerumque
381 1753 431 1777 aut
449 1758 505 1777 non
523 1751 615 1777 minus
632 1754 711 1784 saepe
729 1759 811 1784 quam
830 1751 1003 1777 recentiorem
1022 1749 1162 1783 praebent.
1200 1748 1330 1775 Serviani
1348 1749 1414 1775 libri

71 1810 81 1815 ,
129 1788 237 1820 excepto
255 1786 470 1813 Karoliruhensi
484 1794 572 1820 prope
590 1788 745 1812 constanter
763 1785 900 1820 Virgilius
924 1786 1057 1812 eoehibent.
1081 1786 1090 1818 υ
1113 1785 1157 1811 est
1175 1793 1225 1811 om.
1246 1785 1283 1810 M
1304 1785 1313 1818 ΙΙ
1337 1785 1413 1810 ortus

129 1821 184 1848 fuit
206 1822 260 1855 (est
278 1821 362 1854 Ision)
385 1822 466 1856 patre
489 1822 657 1856 exemplaria
679 1822 812 1855 impressa
834 1823 843 1854 ΙΙ
870 1820 1008 1855 Vergilio]
1037 1820 1124 1854 figulo
1145 1820 1238 1846 Paris.
1261 1822 1333 1847 7959
1357 1820 1414 1852 for-

129 1860 199 1886 tasse
216 1859 297 1889 recte,
316 1857 429 1891 uirgilio
448 1857 548 1891 reliqui
567 1858 576 1891 Ι]
595 1860 611 1882 4
630 1858 719 1883 matre
739 1865 805 1884 uero
825 1857 863 1890 G,
882 1857 928 1883 sed
946 1864 1012 1883 uero
1031 1864 1107 1889 supr.
1121 1863 1188 1882 ver-3.
1203 1856 1212 1889 ΙΙ
1231 1855 1325 1889 magia.
1339 1854 1413 1881 GH:

130 1893 205 1920 maia
222 1893 250 1919 B
267 1893 359 1920 Paria
376 1892 442 1919 ME
459 1892 552 1924 maffia
567 1892 591 1918 L
605 1893 615 1926 11
629 1892 683 1919 fuit
701 1893 783 1919 natus
804 1893 827 1919 le
840 1893 849 1926 {l
863 1892 938 1918 ciues
957 1892 983 1918 G
997 1892 1006 1925 ll
1020 1894 1035 1918 5
1055 1891 1219 1918 mediolanii
1238 1890 1263 1916 L
1277 1892 1286 1924 Ι]
1301 1893 1315 1916 7
1336 1898 1414 1916 acce-

129 1928 203 1963 perit
223 1927 491 1984 Parisizqacciperet
508 1928 608 1961 reliqui
626 1928 636 1962 ΙΙ
653 1927 820 1962 panthenias
840 1928 878 1960 G,
900 1928 947 1954 sed
961 1928 1043 1961 prior
1060 1936 1079 1953 n
1098 1935 1111 1953 e
1130 1935 1199 1953 corr.
1219 1927 1228 1960 ΙΙ
1247 1929 1263 1952 8
1282 1934 1368 1952 unum
1386 1925 1414 1951 B

135 1970 139 1973 '
281 1970 309 1984 118
333 1970 348 1984 U

130 1970 187 2025 unffi.>
198 1990 223 2017 G
236 1991 246 2025 ΙΙ
259 1991 356 2017 morbo
366 1990 393 2016 B
413 1989 486 2030 uitio
494 1989 524 2015 Ε
536 1991 545 2023 ΙΙ
558 1989 671 2016 laborat
684 1989 745 2015 LH
762 1991 841 2023 (corr.
858 1989 878 2022 l)
891 1990 901 2023 ΙΙ
915 1988 1037 2022 primum
1051 1988 1086 2015 ab
1102 1988 1155 2014 'noc
1169 1987 1289 2028 disticon
1308 1987 1415 2028 §actum

130 2027 174 2052 est
194 2026 286 2053 Paris.
297 2025 406 2052 HMEI
413 2036 419 2051 :
444 2034 566 2059 primum
585 2025 620 2051 ab
640 2025 690 2052 illo
709 2025 762 2052 hoc
781 2024 903 2051 disticon
921 2024 1028 2050 factum
1047 2025 1090 2050 est
1108 2023 1135 2049 B
1154 2032 1275 2057 primum
1295 2023 1415 2050 disticon

130 2060 159 2087 in
178 2061 309 2088 balistam
327 2061 464 2088 latronem
480 2060 637 2094 composuit
652 2060 678 2087 G
696 2061 816 2095 primum
832 2069 849 2087 a
863 2059 983 2086 disticon
1002 2059 1096 2093 caepit
1114 2058 1189 2093 quod
1208 2059 1313 2086 factum
1333 2060 1376 2085 est
1390 2058 1415 2084 L

129 2096 250 2131 primum
264 2105 281 2123 a
291 2096 411 2131 Virgilio
426 2097 479 2123 hoc
494 2096 635 2123 distichon
649 2096 755 2123 factum
769 2097 812 2122 est
830 2095 998 2129 exemplaria
1013 2096 1145 2129 impressa
1158 2095 1168 2129 ΙΙ
1182 2097 1197 2121 9
1211 2094 1353 2121 ballistam
1365 2094 1402 2120 M
1407 2104 1414 2120 ι

129 2132 261 2159 balistam
279 2133 379 2166 reliqui
392 2133 401 2167 ΙΙ
417 2135 449 2158 10
468 2132 584 2161 ballista
600 2132 647 2158 M:
667 2131 771 2158 balista
789 2132 890 2165 reliqui
902 2132 912 2164 ΙΙ
928 2134 958 2157 11
980 2130 1009 2157 di
1023 2131 1049 2156 L
1073 2130 1128 2164 (die
1143 2131 1162 2164 l)
1176 2131 1186 2164 fl
1206 2133 1238 2156 12
1258 2130 1342 2157 hocto
1362 2129 1388 2155 L
1406 2130 1409 2164 1

131 2167 218 2207 cirina
241 2169 336 2195 etnam
354 2168 442 2194 BLH
453 2167 546 2195 Paris.
575 2167 653 2194 crina
676 2168 771 2194 etnam
790 2167 816 2194 G
843 2166 932 2222 (ἰίι-ἰιιε,
951 2166 1066 2202 ethnam
1087 2166 1124 2192 M
1151 2165 1233 2192 cinna
1251 2166 1367 2192 ethnam

131 2229 174 2263 (at
191 2228 279 2256 cii-ina
297 2238 311 2257 e
328 2230 360 2256 in
377 2231 475 2264 mary.)
497 2231 507 2264 ss
535 2233 567 2256 13
586 2229 730 2264 priapeaia
749 2229 783 2255 H
799 2230 808 2264 ΙΙ
831 2208 965 2263 οαῖθὲίῑοιι
986 2228 1078 2255 Paris.
1113 2228 1273 2262 catelepton
1298 2227 1324 2253 V
1339 2227 1413 2253 Bur-

130 2266 227 2292 manni
258 2265 426 2292 catalectum
445 2265 470 2292 G
504 2265 662 2292 catalecton
685 2265 792 2299 reliqui.
830 2265 864 2298 ef.
885 2267 949 2298 post
972 2264 1123 2298 Bequium
1146 2272 1212 2290 mus.
1232 2264 1305 2290 rhen.
1326 2266 1344 2289 t.
1357 2263 1414 2318 tXX

373 2364 382 2382 r

134 2395 199 2422 pam
226 2365 328 2416 diras&
342 2369 371 2387 eg
384 2369 398 2383 ⁰
411 2364 438 2383 de
451 2369 504 2383 rona
515 2389 539 2415 G
559 2389 639 2423 (quae
656 2397 743 2423 supra
756 2397 862 2416 versum
876 2391 942 2415 sunt
958 2389 1017 2415 alia
1031 2396 1130 2415 manus
1144 2388 1283 2415 addidisse
1297 2387 1415 2420 videtur)

187 2437 259 2458 Servii
273 2444 352 2460 comm.
366 2439 417 2459 Vol.
432 2439 449 2460 I.
466 2439 479 2458 Β
477 2439 531 2458 ¹¹¹¹¹
546 2439 564 2458 1.
1186 2436 1199 2458 1
