1630 2684
0 1619 22 2040 χῖ,11ζῷξᾈ-ᾗΜε-ἭΜΑᾞἎΨΨΜ
0 1563 14 1615 'vc'
0 1528 7 1559 ”⁶
0 1505 5 1518 ’”
0 1449 9 1467 ‘¹
0 1437 7 1443 ¹

423 158 536 186 COMM.
556 159 595 185 ΓΝ
614 158 721 186 VERG.
742 158 826 185 AEN.
845 159 866 187 Ι.
885 163 1033 186 258—265.
1327 159 1369 190 97

42 231 44 234 ’
87 248 196 279 corpus
222 250 292 271 etim
318 240 406 271 victis
432 250 453 270 a
482 250 514 271 se
536 239 663 271 Rutulis
690 242 719 271 et
744 240 897 272 Mezentio
920 241 1078 272 Ascanius
1100 241 1281 281 requisitum
1308 251 1371 272 non

87 293 263 335 invenisset,
291 294 328 325 in
352 293 477 324 deorum
501 303 666 325 numerum
696 294 824 326 eredidit
851 294 992 326 relatum.
1037 295 1140 335 itaque
1169 295 1197 325 ei
1227 294 1371 334 templum

87 348 224 379 condidit
244 349 273 379 et
293 346 397 379 Iovem
422 347 593 387 Indiyetem
616 347 789 388 amellavit.
835 348 906 379 bene
928 350 1030 379 autem
1053 349 1174 380 addidit
1197 347 1315 388 ‘fei-⁶²82
1337 350 1373 379 ut

84 401 208 441 yratius
225 402 300 433 esset
320 401 402 441 quod
416 411 475 441 per
498 401 599 441 ipsam
621 402 713 442 fieret.

177 454 250 486 260.
286 462 524 485 MAGNANIMVM
548 465 686 496 magnus
711 458 744 486 et
766 466 885 497 parvus
914 456 1067 497 quoniam
1091 466 1261 486 mensurae
1285 457 1369 496 sunt,
1388 459 1403 482 ὅ

89 506 131 539 ad
154 508 299 539 animum
322 519 389 539 non
411 508 475 540 nisi
499 509 766 550 καταχρηστικῶς
789 509 993 541 adhibentur.
1030 512 1059 540 et
1081 509 1152 541 bene
1169 509 1223 540 hoc
1243 509 1371 547 addidit,

90 561 181 601 quasi
203 561 298 600 dicat,
321 572 410 602 quem
434 564 467 594 tu
489 563 637 594 miserum
660 563 750 603 dicis,
773 573 830 594 nos
852 563 1100 603 magnanimum,
1124 573 1287 594 summum.

88 627 187 650 NEQVE
204 627 247 646 mc
265 627 286 647 s,
312 628 333 648 ν.
357 616 400 647 ad
421 615 502 647 illud
524 614 618 655 ‘quae
641 618 680 654 te,
700 616 835 656 qenitor,
859 616 1009 647 sententia
1031 615 1145 647 vertit’.
1244 654 1254 664 ·

177 668 250 700 261.
289 677 348 700 HIC
373 669 405 700 id
429 670 478 700 est
502 668 639 701 Aeneas.
677 671 710 701 et
734 672 783 701 est
807 669 885 701 ordo
910 669 979 701 ‘hic
998 669 1122 701 bellum
1141 670 1256 711 ingens
1280 671 1372 711 geret

88 720 210 753 Italia’.
255 723 314 754 alii
337 722 417 754 ‘hic'
435 733 498 763 pro
521 722 603 762 ‘post
625 722 697 754 haec
719 733 796 762 quae
819 723 902 754 dixi’
926 723 1093 764 accipiunt,
1116 725 1152 754 ut
1173 723 1215 754 sit
1237 723 1294 754 loci
1317 724 1370 754 ad—
1392 726 1424 749 10

86 775 223 807 verbium
245 786 306 816 pro
334 777 485 817 temporis.
578 785 648 807 TIBI
673 785 789 808 FABOR
816 785 903 808 ΕΝΙΜ
932 776 993 808 hoc
1021 776 1092 807 loco
1121 778 1254 807 excusat
1277 787 1372 815 quae-

88 827 231 861 stionem
258 827 418 871 futuram,
445 830 538 871 quasi
566 829 688 861 Veneri
717 830 841 861 dolenti
870 840 953 871 quae
981 840 1059 860 vera
1087 831 1162 860 sunt
1190 829 1288 870 dieat,
1317 829 1373 860 sed

88 881 185 914 aliter
208 882 361 924 loquatur
385 883 508 915 cunctis
531 883 757 924 praesentibus
782 883 844 915 dis:
869 882 955 914 dicet
979 883 1065 914 enim
1093 882 1127 913 in
1155 882 1279 914 decimo
1309 883 1372 914 ab·

88 946 245 968 nueram
274 937 379 968 bello
403 937 561 969 Italiam
591 948 820 968 concurrere
845 936 1014 968 Teucris.
1105 944 1249 973 QVANDO
1275 936 1371 977 siqui-

83 988 170 1033 dem,
201 991 357 1030 quoniam.
454 1000 644 1023 REMORDET
678 990 846 1022 sollicitat.
897 989 1069 1022 Terentius
1099 1001 1167 1031 par
1199 990 1284 1030 pari
1315 1001 1372 1021 re·
1393 993 1425 1016 15

84 1041 202 1083 ferto,
226 1043 326 1085 quod
350 1055 431 1076 eam
455 1044 685 1076 remordeat.

175 1097 250 1128 262.
287 1106 427 1129 ARGANA
456 1100 588 1129 secreta.
635 1097 721 1129 unde
750 1099 783 1129 et
814 1108 888 1129 area
917 1099 949 1129 et
973 1108 1030 1128 arx
1054 1097 1174 1138 dietae,
1203 1097 1297 1138 quasi
1321 1107 1371 1128 res

87 1151 238 1182 secretae.

174 1203 248 1235 263.
286 1213 408 1235 ITALIA
436 1205 471 1236 in
499 1205 611 1243 Italia,
645 1207 677 1236 et
705 1205 847 1236 detraxit
876 1204 1152 1246 praepositionem
1181 1215 1270 1236 more
1304 1215 1372 1236 suo.

85 1256 133 1288 sie
155 1259 189 1289 et
211 1257 269 1289 illo
293 1258 364 1290 loeo
389 1269 464 1290 non
486 1258 646 1300 Libyae,
675 1269 751 1290 non
775 1260 864 1290 ante
889 1258 1005 1299 Tyr03
1029 1257 1235 1298 despectus
1259 1257 1370 1289 Hiar·
1391 1259 1425 1283 20

85 1310 155 1342 bas
178 1310 211 1342 id
234 1313 285 1342 est
308 1311 342 1342 in
365 1311 458 1352 Tyro.
505 1323 582 1343 nam
606 1312 634 1343 si
658 1311 891 1343 adverbialiter
913 1311 1028 1352 vellet,
1052 1310 1131 1352 Tyri
1155 1311 1283 1342 diceret.

86 1372 317 1402 POPVLOSQVE
336 1374 491 1397 FEROCES
513 1374 726 1397 CONTVNDET
746 1365 961 1406 incongruum
980 1364 1087 1396 fuerat
1104 1364 1138 1395 in
1154 1363 1372 1396 consolatione

87 1416 176 1449 bella
199 1418 400 1458 praedicere:
425 1418 466 1450 ob
491 1418 553 1450 hoe
578 1428 655 1459 ergo
680 1418 781 1450 etiam
804 1418 976 1450 victoriam
1000 1417 1182 1458 pollicetur.

177 1470 251 1502 264,
292 1480 479 1509 MORESQVE
514 1480 603 1503 VIRIS
633 1480 676 1502 ET
704 1479 841 1502 MOENIA
870 1479 984 1502 PONET
1017 1470 1307 1511 hysteroproteron
1339 1470 1372 1501 in

88 1534 198 1565 sensu3
222 1526 299 1556 ante
324 1525 411 1556 enim
436 1524 565 1565 civitas,
589 1526 664 1565 post
687 1524 760 1555 iura
783 1524 972 1556 conduntur.
1018 1524 1107 1564 leges
1140 1525 1249 1555 autem
1273 1523 1371 1555 etiam
1391 1525 1425 1548 25

89 1587 196 1609 mores
219 1577 282 1609 diei
306 1589 372 1609 non
395 1578 530 1609 dubium
555 1580 613 1609 est.

178 1630 251 1662 265.
283 1640 412 1662 TER'mA
432 1640 508 1662 [ΝΜ
526 1639 634 1663 LA'rlo
654 1639 870 1662 REGNANTEM
891 1639 1034 1662 V1DER1T
1056 1638 1186 1662 AESTAS
1202 1630 1373 1671 rhetorice,

162 1748 194 1771 13
219 1745 384 1779 abnuerarn]
413 1745 446 1771 A.
471 1744 495 1771 X
520 1747 536 1770 8
559 1745 568 1778 ΙΙ
597 1747 630 1770 14
660 1754 767 1774 ρνΑΝυο
796 1743 941 1778 quoniam]
969 1744 1039 1770 Don.
1070 1744 1105 1770 ad
1133 1743 1194 1770 Ter.
1225 1744 1309 1770 Andr.
1336 1743 1374 1769 ΙΙΙ

90 1784 120 1815 2,
148 1784 163 1808 7
186 1781 196 1815 ΙΙ
221 1784 253 1807 15
279 1780 439 1815 Terentius]
465 1788 526 1807 eun.
551 1780 590 1806 ΠΙ
616 1783 643 1814 1,
668 1783 700 1806 55
727 1779 794 1813 ‘par
816 1788 866 1813 pro
890 1778 952 1813 pari
975 1779 1090 1812 referto,
1119 1779 1193 1812 quod
1217 1787 1279 1805 eam
1303 1787 1373 1805 mor-

90 1816 180 1843 deat'.
195 1816 205 1850 ΙΙ
222 1819 253 1843 17
272 1817 345 1843 unde
365 1817 394 1843 et
412 1838 418 1843 .
436 1837 441 1842 .
458 1837 463 1843 .
484 1816 620 1850 secretae]
642 1824 728 1842 exscr.
747 1815 812 1842 Isid.
830 1823 869 1842 or.
889 1814 926 1841 XI
947 1817 970 1848 1,
991 1817 1031 1841 73.
1053 1814 1086 1841 cf.
1107 1814 1158 1840 XV
1179 1817 1220 1847 14,
1241 1817 1255 1840 5
1276 1815 1304 1840 et
1323 1814 1373 1840 XX

90 1855 116 1886 9,
135 1855 160 1878 2.
179 1851 236 1878 diff.
256 1852 331 1879 verb.
351 1855 367 1879 9
391 1853 400 1886 ΙΙ
423 1855 458 1878 20
477 1859 532 1878 non
551 1850 669 1885 Libyae]
692 1851 723 1877 A.
743 1851 782 1877 IV
801 1854 834 1876 36

163 1961 179 1984 5
207 1959 244 1985 ad
267 1967 290 1985 v.
315 1961 367 1984 260
389 1957 604 1991 Magnauinum]
628 1965 746 1991 magnus
771 1978 776 1983 .
799 1976 804 1981 .
825 1977 831 1982 .
856 1955 1031 1982 adhibentur.
1057 1955 1084 1980 P
1103 1956 1112 1989 ΙΙ
1135 1958 1151 1981 6
1177 1954 1374 1981 ‹atacrestieos

91 1993 190 2020 BLH
194 1994 231 2020 M
248 1993 465 2021 catachresticos
483 1993 516 2019 K
535 1993 545 2027 l]
568 1996 583 2019 9
611 1993 648 2019 ad
670 2001 694 2019 v.
715 1995 764 2019 261
786 1991 850 2025 Hic]
876 1991 905 2017 id
931 1991 974 2017 est
992 1990 1058 2017 talis
1078 2012 1087 2027 V.
1104 2012 1109 2017 .
1127 2012 1132 2017 .
1157 1999 1207 2024 pro
1230 1990 1373 2024 temporis.

94 2029 224 2070 Quando]
246 2029 384 2063 siquidem
403 2028 544 2062 quoniam.
573 2027 737 2062 Remordet]
754 2027 895 2054 sollicitat.
917 2027 944 2052 P
954 2027 963 2060 ΙΙ
979 2028 1011 2052 10
1030 2025 1088 2060 hic]
1108 2025 1138 2051 hi
1153 2025 1181 2051 P
1195 2026 1234 2052 ibi
1249 2026 1367 2052 Daniel}

94 2067 125 2091 12
144 2065 236 2099 quam]
257 2074 342 2099 quare
366 2065 523 2091 Masvicius
536 2065 546 2098 ]]
560 2063 635 2090 dicat
650 2064 679 2090 et
691 2062 754 2089 ideo
770 2062 822 2088 tibi
841 2062 916 2095 quod
934 2061 1017 2087 multi
1031 2062 1096 2095 (1696
1114 2061 1196 2095 nulli)
1216 2061 1266 2087 alii
1284 2061 1312 2087 id
1333 2061 1375 2087 est

94 2099 147 2128 tibi
166 2100 226 2127 soli.
255 2109 320 2127 nam
339 2100 422 2127 aliter
439 2099 564 2133 loquitur
585 2098 607 2125 Ο
627 2099 637 2132 ]]
660 2098 720 2133 sed]
741 2099 770 2124 et
788 2098 860 2124 ΒΜ
864 2098 873 2124 l
896 2098 905 2131 ΙΙ
930 2100 961 2124 13
981 2097 1111 2130 loquetur
1125 2097 1157 2122 K
1174 2097 1297 2130 loquitur
1313 2097 1349 2122 M
1366 2097 1375 2130 ΙΙ

93 2135 163 2162 dicit
179 2136 239 2162 BL
262 2137 272 2170 ΙΙ
296 2140 328 2163 17
348 2137 385 2163 ad
403 2145 427 2162 v.
448 2139 499 2162 262
519 2135 640 2169 Arcana]
662 2135 775 2160 secreta.
810 2133 882 2159 unde
903 2134 931 2159 et
949 2140 1015 2159 arca
1034 2133 1063 2158 et
1081 2141 1129 2158 ara
1148 2133 1208 2165 (arx
1229 2132 1280 2166 0³²)
1299 2131 1375 2159 dicta

93 2171 174 2205 quasi
192 2180 236 2198 res
256 2173 377 2205 secreta,
396 2180 414 2198 a
431 2179 487 2205 qua
505 2179 599 2197 omnes
619 2170 774 2196 arceantur.
795 2168 865 2196 PC*
888 2170 897 2202 ΙΙ
920 2177 968 2195 arx
987 2167 1060 2194 BL:
1080 2176 1129 2194 ara
1148 2168 1180 2193 K
1197 2176 1241 2195 ars
1261 2168 1295 2194 H
1310 2176 1375 2194 arcx

95 2206 133 2233 M
152 2207 162 2240 ΙΙ
184 2207 277 2234 dictae
300 2207 341 2233 L:
365 2207 441 2234 dicta.
463 2206 605 2232 BKHM
626 2206 635 2239 ΙΙ
658 2213 702 2232 res
726 2213 775 2232 om.
799 2205 831 2230 K
851 2205 860 2238 ΙΙ
885 2206 917 2230 18
944 2204 1049 2230 secrete
1072 2203 1105 2229 K
1125 2204 1134 2236 ΙΙ
1158 2206 1190 2229 19
1215 2204 1251 2230 ad
1275 2212 1297 2230 v.
1323 2206 1373 2229 263

94 2241 188 2277 Italia]
209 2242 330 2269 detraxit
357 2242 593 2277 praepositionem
615 2263 619 2268 .
638 2263 642 2268 .
661 2262 666 2267 .
686 2240 798 2267 diceret.
823 2240 851 2265 P
869 2240 879 2274 ΙΙ
902 2242 936 2266 20
961 2238 1082 2272 dispexit
1105 2239 1133 2264 B
1161 2238 1302 2273 dispectus
1322 2238 1347 2263 L

94 2279 128 2304 22
147 2278 349 2312 consolatione]
370 2277 478 2305 dolenti
496 2278 604 2304 addunt
624 2276 676 2303 C*l
695 2277 726 2302 in
744 2284 840 2310 marg„
858 2284 885 2301 m
903 2282 978 2308 supr.
998 2282 1064 2301 vers.
1079 2275 1088 2308 ΙΙ
1109 2277 1142 2300 23
1163 2282 1229 2308 ergo
1249 2282 1291 2300 om
1309 2273 1379 2299 LH

95 2312 195 2347 (suppl.
214 2314 234 2347 Ζ)
253 2314 263 2348 ΙΙ
286 2317 321 2340 24
340 2314 376 2340 acl
395 2322 418 2340 v.
438 2316 491 2340 264
509 2312 655 2346 Moresque
674 2311 742 2338 viris
762 2312 793 2338 et
810 2310 921 2338 moenia
939 2310 1037 2344 ponet]
1058 2309 1305 2344 hysteroproteron
1325 2329 1330 2335 .
1347 2329 1352 2334 .
1370 2328 1375 2334 .

96 2347 211 2410 ἓξὶρὲῑιιη
224 2350 280 2410 {m
301 2349 347 2383 ΡΙΙ
366 2352 400 2375 25
420 2350 514 2376 autem
533 2356 583 2375 om.
602 2347 662 2374 BP
676 2348 686 2381 11
704 2350 738 2374 27
758 2347 796 2373 ad
813 2355 837 2374 v.
857 2349 908 2373 265
928 2345 1013 2379 Dum]
1034 2346 1129 2371 autem
1147 2353 1197 2378 pro
1217 2345 1305 2371 donee
1325 2364 1331 2370 .
1347 2363 1353 2370 .
1370 2363 1376 2370 .

125 2391 150 2410 01
163 2392 203 2410 ur.

149 2431 222 2452 Servii
237 2438 310 2453 comm
325 2434 375 2455 Vol.
393 2433 410 2453 1.
426 2433 491 2452 Faue.
508 2433 525 2453 Ι,
