<?xml version="1.0" encoding="UTF-8"?>
<!DOCTYPE html PUBLIC "-//W3C//DTD XHTML 1.0 Transitional//EN"
    "http://www.w3.org/TR/xhtml1/DTD/xhtml1-transitional.dtd">
<html xmlns="http://www.w3.org/1999/xhtml" xml:lang="en" lang="en">
 <head>
  <title>
</title>
<meta http-equiv="Content-Type" content="text/html;charset=utf-8" />
  <meta name='ocr-system' content='tesseract 3.04.00' />
  <meta name='ocr-capabilities' content='ocr_page ocr_carea ocr_par ocr_line ocrx_word'/>
</head>
<body>
  <div class='ocr_page' id='page_1' title='image "./invergiliicarmin00servuoft/invergiliicarmin00servuoft_0219.png"; bbox 0 0 1630 2684; ppageno 0'>
   <div class='ocr_carea' id='block_1_1' title="bbox 0 1131 34 1899">
    <p class='ocr_par' dir='ltr' id='par_1_1' title="bbox 0 1131 34 1899">
     <span class='ocr_line' id='line_1_1' title="bbox 0 1131 34 1899; baseline 0 785"><span class='ocrx_word' id='word_1_1' title='bbox 0 1131 34 1899; x_wconf 95' lang='lat' dir='ltr'> </span> 
     </span>
    </p>
   </div>
   <div class='ocr_carea' id='block_1_2' title="bbox 477 146 1420 179">
    <p class='ocr_par' dir='ltr' id='par_1_2' title="bbox 477 146 1420 179">
     <span class='ocr_line' id='line_1_2' title="bbox 477 146 1420 179; baseline 0.007 -7"><span class='ocrx_word' id='word_1_2' title='bbox 477 146 590 172; x_wconf 87' lang='lat' dir='ltr'>COMM.</span> <span class='ocrx_word' id='word_1_3' title='bbox 614 146 651 173; x_wconf 87' lang='lat' dir='ltr'>IN</span> <span class='ocrx_word' id='word_1_4' title='bbox 670 147 776 174; x_wconf 73' lang='lat' dir='ltr'>VERG.</span> <span class='ocrx_word' id='word_1_5' title='bbox 798 148 880 173; x_wconf 78' lang='lat' dir='ltr'>AEN.</span> <span class='ocrx_word' id='word_1_6' title='bbox 902 149 921 174; x_wconf 89' lang='grc' dir='ltr'>Ι.</span> <span class='ocrx_word' id='word_1_7' title='bbox 943 151 1090 174; x_wconf 28' lang='grc' dir='ltr'>739ἠ744.</span> <span class='ocrx_word' id='word_1_8' title='bbox 1357 148 1420 179; x_wconf 80' lang='grc'>207</span> 
     </span>
    </p>
   </div>
   <div class='ocr_carea' id='block_1_3' title="bbox 143 227 1423 431">
    <p class='ocr_par' dir='ltr' id='par_1_3' title="bbox 144 227 1423 322">
     <span class='ocr_line' id='line_1_3' title="bbox 145 227 1423 270; baseline 0 -10"><span class='ocrx_word' id='word_1_9' title='bbox 145 228 292 260; x_wconf 75' lang='lat' dir='ltr'>convivio</span> <span class='ocrx_word' id='word_1_10' title='bbox 312 228 443 269; x_wconf 84' lang='lat' dir='ltr'>reginae</span> <span class='ocrx_word' id='word_1_11' title='bbox 463 227 568 259; x_wconf 73' lang='lat' dir='ltr'>adhuc</span> <span class='ocrx_word' id='word_1_12' title='bbox 589 230 710 259; x_wconf 86' lang='lat' dir='ltr'>castae:</span> <span class='ocrx_word' id='word_1_13' title='bbox 735 230 848 259; x_wconf 84' lang='lat' dir='ltr'>contra</span> <span class='ocrx_word' id='word_1_14' title='bbox 867 229 952 260; x_wconf 82' lang='lat' dir='ltr'>inter</span> <span class='ocrx_word' id='word_1_15' title='bbox 970 229 1144 270; x_wconf 83' lang='lat' dir='ltr'>nymphas,</span> <span class='ocrx_word' id='word_1_16' title='bbox 1163 230 1216 260; x_wconf 75' lang='lat' dir='ltr'>ubi</span> <span class='ocrx_word' id='word_1_17' title='bbox 1233 229 1315 260; x_wconf 78' lang='lat' dir='ltr'>solae</span> <span class='ocrx_word' id='word_1_18' title='bbox 1336 229 1423 268; x_wconf 78' lang='lat' dir='ltr'>femi-</span> 
     </span>
     <span class='ocr_line' id='line_1_4' title="bbox 144 279 1334 322; baseline 0.002 -9"><span class='ocrx_word' id='word_1_19' title='bbox 144 292 202 314; x_wconf 76' lang='lat' dir='ltr'>nae</span> <span class='ocrx_word' id='word_1_20' title='bbox 231 283 331 320; x_wconf 75' lang='lat' dir='ltr'>erant,</span> <span class='ocrx_word' id='word_1_21' title='bbox 360 280 407 312; x_wconf 81' lang='lat' dir='ltr'>ait</span> <span class='ocrx_word' id='word_1_22' title='bbox 432 279 596 312; x_wconf 86' lang='lat' dir='ltr'>Vulcani</span> <span class='ocrx_word' id='word_1_23' title='bbox 620 280 836 322; x_wconf 85' lang='lat' dir='ltr'>Martisque</span> <span class='ocrx_word' id='word_1_24' title='bbox 865 282 973 313; x_wconf 85' lang='lat' dir='ltr'>dolos</span> <span class='ocrx_word' id='word_1_25' title='bbox 1003 284 1039 314; x_wconf 90' lang='lat' dir='ltr'>et</span> <span class='ocrx_word' id='word_1_26' title='bbox 1069 282 1197 313; x_wconf 85' lang='lat' dir='ltr'>dulcia</span> <span class='ocrx_word' id='word_1_27' title='bbox 1221 283 1334 315; x_wconf 81' lang='lat' dir='ltr'>furta.</span> 
     </span>
    </p>

    <p class='ocr_par' dir='ltr' id='par_1_4' title="bbox 143 332 1423 431">
     <span class='ocr_line' id='line_1_5' title="bbox 144 332 1423 378; baseline 0.001 -11"><span class='ocrx_word' id='word_1_28' title='bbox 144 344 331 367; x_wconf 76' lang='lat' dir='ltr'>ERRANTEM</span> <span class='ocrx_word' id='word_1_29' title='bbox 355 343 477 366; x_wconf 79' lang='lat' dir='ltr'>LVNAM</span> <span class='ocrx_word' id='word_1_30' title='bbox 502 334 579 375; x_wconf 86' lang='lat' dir='ltr'>quia</span> <span class='ocrx_word' id='word_1_31' title='bbox 603 332 785 375; x_wconf 80' lang='grc' dir='ltr'><em>ἑλικοειδὴς</em></span> <span class='ocrx_word' id='word_1_32' title='bbox 809 337 868 375; x_wconf 84' lang='lat' dir='ltr'>est,</span> <span class='ocrx_word' id='word_1_33' title='bbox 891 335 923 366; x_wconf 90' lang='lat' dir='ltr'>id</span> <span class='ocrx_word' id='word_1_34' title='bbox 948 338 998 366; x_wconf 85' lang='lat' dir='ltr'>est</span> <span class='ocrx_word' id='word_1_35' title='bbox 1022 335 1154 377; x_wconf 89' lang='lat' dir='ltr'>obliquo</span> <span class='ocrx_word' id='word_1_36' title='bbox 1178 336 1297 368; x_wconf 75' lang='lat' dir='ltr'>incedit</span> <span class='ocrx_word' id='word_1_37' title='bbox 1320 348 1423 378; x_wconf 82' lang='lat' dir='ltr'>cursu,</span> 
     </span>
     <span class='ocr_line' id='line_1_6' title="bbox 143 387 1423 431; baseline 0.001 -11"><span class='ocrx_word' id='word_1_38' title='bbox 143 399 209 421; x_wconf 88' lang='lat' dir='ltr'>non</span> <span class='ocrx_word' id='word_1_39' title='bbox 232 391 333 430; x_wconf 74' lang='lat' dir='ltr'>recto,</span> <span class='ocrx_word' id='word_1_40' title='bbox 356 389 393 419; x_wconf 89' lang='lat' dir='ltr'>ut</span> <span class='ocrx_word' id='word_1_41' title='bbox 412 387 483 419; x_wconf 85' lang='lat' dir='ltr'>Sol:</span> <span class='ocrx_word' id='word_1_42' title='bbox 508 387 632 418; x_wconf 86' lang='lat' dir='ltr'>scilicet</span> <span class='ocrx_word' id='word_1_43' title='bbox 655 399 695 419; x_wconf 90' lang='lat' dir='ltr'>ne</span> <span class='ocrx_word' id='word_1_44' title='bbox 719 388 840 420; x_wconf 87' lang='lat' dir='ltr'>incidat</span> <span class='ocrx_word' id='word_1_45' title='bbox 864 388 897 419; x_wconf 87' lang='lat' dir='ltr'>in</span> <span class='ocrx_word' id='word_1_46' title='bbox 922 391 1068 420; x_wconf 82' lang='lat' dir='ltr'>centrum</span> <span class='ocrx_word' id='word_1_47' title='bbox 1092 391 1198 421; x_wconf 86' lang='lat' dir='ltr'>terrae</span> <span class='ocrx_word' id='word_1_48' title='bbox 1223 391 1254 421; x_wconf 88' lang='lat' dir='ltr'>et</span> <span class='ocrx_word' id='word_1_49' title='bbox 1278 390 1423 431; x_wconf 88' lang='lat' dir='ltr'>frequen-</span> 
     </span>
    </p>
   </div>
   <div class='ocr_carea' id='block_1_4' title="bbox 143 441 1458 484">
    <p class='ocr_par' dir='ltr' id='par_1_5' title="bbox 143 441 1458 484">
     <span class='ocr_line' id='line_1_7' title="bbox 143 441 1458 484; baseline 0.001 -10"><span class='ocrx_word' id='word_1_50' title='bbox 143 445 195 474; x_wconf 87' lang='lat' dir='ltr'>ter</span> <span class='ocrx_word' id='word_1_51' title='bbox 217 442 360 484; x_wconf 82' lang='lat' dir='ltr'>patiatur</span> <span class='ocrx_word' id='word_1_52' title='bbox 383 441 531 482; x_wconf 66' lang='lat' dir='ltr'>eclipsim</span> <span class='ocrx_word' id='word_1_53' title='bbox 555 441 679 473; x_wconf 79' lang='lat' dir='ltr'>vicinus</span> <span class='ocrx_word' id='word_1_54' title='bbox 699 442 785 473; x_wconf 87' lang='lat' dir='ltr'>enim</span> <span class='ocrx_word' id='word_1_55' title='bbox 806 444 855 473; x_wconf 83' lang='lat' dir='ltr'>est</span> <span class='ocrx_word' id='word_1_56' title='bbox 875 442 942 473; x_wconf 87' lang='lat' dir='ltr'>eius</span> <span class='ocrx_word' id='word_1_57' title='bbox 964 443 1101 475; x_wconf 84' lang='lat' dir='ltr'>circulus</span> <span class='ocrx_word' id='word_1_58' title='bbox 1121 445 1235 474; x_wconf 85' lang='lat' dir='ltr'>terrae.</span> <span class='ocrx_word' id='word_1_59' title='bbox 1314 452 1423 475; x_wconf 73' lang='lat' dir='ltr'>soms-</span> <span class='ocrx_word' id='word_1_60' title='bbox 1444 456 1458 469; x_wconf 74' lang='lat'>.›</span> 
     </span>
    </p>
   </div>
   <div class='ocr_carea' id='block_1_5' title="bbox 136 493 1425 1554">
    <p class='ocr_par' dir='ltr' id='par_1_6' title="bbox 136 493 1425 911">
     <span class='ocr_line' id='line_1_8' title="bbox 144 493 1425 539; baseline 0 -11"><span class='ocrx_word' id='word_1_61' title='bbox 144 504 212 534; x_wconf 70' lang='lat' dir='ltr'>QVE</span> <span class='ocrx_word' id='word_1_62' title='bbox 231 503 387 527; x_wconf 78' lang='lat' dir='ltr'>LABORES</span> <span class='ocrx_word' id='word_1_63' title='bbox 412 493 521 526; x_wconf 74' lang='lat' dir='ltr'>‘canit’</span> <span class='ocrx_word' id='word_1_64' title='bbox 546 506 602 535; x_wconf 89' lang='lat' dir='ltr'>per</span> <span class='ocrx_word' id='word_1_65' title='bbox 626 496 736 526; x_wconf 87' lang='lat' dir='ltr'>omnia</span> <span class='ocrx_word' id='word_1_66' title='bbox 759 495 990 539; x_wconf 85' lang='lat' dir='ltr'>intellegimus.</span> <span class='ocrx_word' id='word_1_67' title='bbox 1027 496 1178 537; x_wconf 86' lang='lat' dir='ltr'>planetae</span> <span class='ocrx_word' id='word_1_68' title='bbox 1199 499 1322 538; x_wconf 87' lang='lat' dir='ltr'>septem</span> <span class='ocrx_word' id='word_1_69' title='bbox 1342 499 1425 538; x_wconf 84' lang='lat' dir='ltr'>sunt,</span> 
     </span>
     <span class='ocr_line' id='line_1_9' title="bbox 144 547 1424 592; baseline 0 -11"><span class='ocrx_word' id='word_1_70' title='bbox 144 547 302 581; x_wconf 75' lang='lat' dir='ltr'>Saturnus</span> <span class='ocrx_word' id='word_1_71' title='bbox 330 549 477 590; x_wconf 91' lang='lat' dir='ltr'>Iuppiter</span> <span class='ocrx_word' id='word_1_72' title='bbox 505 548 592 580; x_wconf 84' lang='lat' dir='ltr'>Mars</span> <span class='ocrx_word' id='word_1_73' title='bbox 622 547 678 580; x_wconf 78' lang='lat' dir='ltr'>Sol</span> <span class='ocrx_word' id='word_1_74' title='bbox 707 548 816 581; x_wconf 87' lang='lat' dir='ltr'>Venus</span> <span class='ocrx_word' id='word_1_75' title='bbox 845 549 1023 581; x_wconf 87' lang='lat' dir='ltr'>Mercurius</span> <span class='ocrx_word' id='word_1_76' title='bbox 1053 549 1151 581; x_wconf 86' lang='lat' dir='ltr'>Luna.</span> <span class='ocrx_word' id='word_1_77' title='bbox 1199 550 1254 581; x_wconf 87' lang='lat' dir='ltr'>sed</span> <span class='ocrx_word' id='word_1_78' title='bbox 1285 550 1424 592; x_wconf 85' lang='lat' dir='ltr'>quinque</span> 
     </span>
     <span class='ocr_line' id='line_1_10' title="bbox 142 602 1424 645; baseline 0 -11"><span class='ocrx_word' id='word_1_79' title='bbox 142 605 175 634; x_wconf 81' lang='lat' dir='ltr'>et</span> <span class='ocrx_word' id='word_1_80' title='bbox 198 604 311 634; x_wconf 82' lang='lat' dir='ltr'>contra</span> <span class='ocrx_word' id='word_1_81' title='bbox 333 602 487 634; x_wconf 87' lang='lat' dir='ltr'>mundum</span> <span class='ocrx_word' id='word_1_82' title='bbox 511 602 671 643; x_wconf 80' lang='lat' dir='ltr'>feruntur,</span> <span class='ocrx_word' id='word_1_83' title='bbox 695 603 727 633; x_wconf 87' lang='lat' dir='ltr'>et</span> <span class='ocrx_word' id='word_1_84' title='bbox 752 613 824 634; x_wconf 90' lang='lat' dir='ltr'>cum</span> <span class='ocrx_word' id='word_1_85' title='bbox 845 603 963 634; x_wconf 87' lang='lat' dir='ltr'>mundo</span> <span class='ocrx_word' id='word_1_86' title='bbox 984 603 1110 644; x_wconf 85' lang='lat' dir='ltr'>quando</span> <span class='ocrx_word' id='word_1_87' title='bbox 1130 603 1311 644; x_wconf 69' lang='lat' dir='ltr'>retrogradi</span> <span class='ocrx_word' id='word_1_88' title='bbox 1332 606 1424 645; x_wconf 76' lang='lat' dir='ltr'>sunt3</span> 
     </span>
     <span class='ocr_line' id='line_1_11' title="bbox 136 654 1423 697; baseline -0.001 -9"><span class='ocrx_word' id='word_1_89' title='bbox 136 654 198 688; x_wconf 87' lang='lat' dir='ltr'>-Sol</span> <span class='ocrx_word' id='word_1_90' title='bbox 226 666 302 688; x_wconf 85' lang='lat' dir='ltr'>vero</span> <span class='ocrx_word' id='word_1_91' title='bbox 331 658 364 688; x_wconf 86' lang='lat' dir='ltr'>et</span> <span class='ocrx_word' id='word_1_92' title='bbox 386 655 477 687; x_wconf 87' lang='lat' dir='ltr'>Luna</span> <span class='ocrx_word' id='word_1_93' title='bbox 505 666 633 697; x_wconf 85' lang='lat' dir='ltr'>semper</span> <span class='ocrx_word' id='word_1_94' title='bbox 661 658 773 687; x_wconf 87' lang='lat' dir='ltr'>contra</span> <span class='ocrx_word' id='word_1_95' title='bbox 801 656 963 687; x_wconf 88' lang='lat' dir='ltr'>mundum.</span> <span class='ocrx_word' id='word_1_96' title='bbox 1010 656 1081 688; x_wconf 90' lang='lat' dir='ltr'>ideo</span> <span class='ocrx_word' id='word_1_97' title='bbox 1111 666 1189 697; x_wconf 86' lang='lat' dir='ltr'>ergo</span> <span class='ocrx_word' id='word_1_98' title='bbox 1218 656 1299 688; x_wconf 86' lang='lat' dir='ltr'>dixit</span> <span class='ocrx_word' id='word_1_99' title='bbox 1323 656 1423 688; x_wconf 69' lang='lat' dir='ltr'>‘Solis</span> 
     </span>
     <span class='ocr_line' id='line_1_12' title="bbox 141 708 1423 750; baseline 0 -9"><span class='ocrx_word' id='word_1_100' title='bbox 141 708 297 741; x_wconf 76' lang='lat' dir='ltr'>labores’:</span> <span class='ocrx_word' id='word_1_101' title='bbox 320 709 449 741; x_wconf 80' lang='lat' dir='ltr'>laborat</span> <span class='ocrx_word' id='word_1_102' title='bbox 469 710 555 741; x_wconf 88' lang='lat' dir='ltr'>enim</span> <span class='ocrx_word' id='word_1_103' title='bbox 575 709 683 741; x_wconf 89' lang='lat' dir='ltr'>nitens</span> <span class='ocrx_word' id='word_1_104' title='bbox 700 713 812 741; x_wconf 89' lang='lat' dir='ltr'>contra</span> <span class='ocrx_word' id='word_1_105' title='bbox 828 710 987 741; x_wconf 83' lang='lat' dir='ltr'>venientis</span> <span class='ocrx_word' id='word_1_106' title='bbox 1004 710 1159 750; x_wconf 84' lang='lat' dir='ltr'>sphaerae</span> <span class='ocrx_word' id='word_1_107' title='bbox 1175 710 1423 742; x_wconf 69' lang='lat' dir='ltr'>volubilitatem.</span> 
     </span>
     <span class='ocr_line' id='line_1_13' title="bbox 140 759 1423 804; baseline 0.001 -11"><span class='ocrx_word' id='word_1_108' title='bbox 140 772 199 793; x_wconf 82' lang='lat' dir='ltr'>nec</span> <span class='ocrx_word' id='word_1_109' title='bbox 222 773 282 795; x_wconf 84' lang='lat' dir='ltr'>nos</span> <span class='ocrx_word' id='word_1_110' title='bbox 306 763 402 794; x_wconf 89' lang='lat' dir='ltr'>debet</span> <span class='ocrx_word' id='word_1_111' title='bbox 421 762 583 794; x_wconf 85' lang='lat' dir='ltr'>Homerus</span> <span class='ocrx_word' id='word_1_112' title='bbox 607 774 749 804; x_wconf 86' lang='lat' dir='ltr'>movere,</span> <span class='ocrx_word' id='word_1_113' title='bbox 775 763 830 804; x_wconf 91' lang='lat' dir='ltr'>qui</span> <span class='ocrx_word' id='word_1_114' title='bbox 854 763 901 794; x_wconf 86' lang='lat' dir='ltr'>ait</span> <span class='ocrx_word' id='word_1_115' title='bbox 925 760 1022 803; x_wconf 79' lang='grc' dir='ltr'><em>ἥλιον</em></span> <span class='ocrx_word' id='word_1_116' title='bbox 1042 759 1230 804; x_wconf 71' lang='grc' dir='ltr'><em>ἀκάμαντας</em></span> <span class='ocrx_word' id='word_1_117' title='bbox 1253 774 1319 794; x_wconf 93' lang='lat' dir='ltr'>non</span> <span class='ocrx_word' id='word_1_118' title='bbox 1339 764 1423 795; x_wconf 86' lang='lat' dir='ltr'>enim</span> 
     </span>
     <span class='ocr_line' id='line_1_14' title="bbox 141 815 1424 857; baseline 0.001 -10"><span class='ocrx_word' id='word_1_119' title='bbox 141 825 213 847; x_wconf 80' lang='lat' dir='ltr'>eum</span> <span class='ocrx_word' id='word_1_120' title='bbox 238 815 320 847; x_wconf 87' lang='lat' dir='ltr'>dixit</span> <span class='ocrx_word' id='word_1_121' title='bbox 342 827 407 848; x_wconf 91' lang='lat' dir='ltr'>non</span> <span class='ocrx_word' id='word_1_122' title='bbox 436 816 602 857; x_wconf 81' lang='lat' dir='ltr'>laborare,</span> <span class='ocrx_word' id='word_1_123' title='bbox 631 817 687 848; x_wconf 86' lang='lat' dir='ltr'>sed</span> <span class='ocrx_word' id='word_1_124' title='bbox 716 816 860 847; x_wconf 87' lang='lat' dir='ltr'>laborem</span> <span class='ocrx_word' id='word_1_125' title='bbox 890 827 956 847; x_wconf 92' lang='lat' dir='ltr'>non</span> <span class='ocrx_word' id='word_1_126' title='bbox 986 816 1116 848; x_wconf 87' lang='lat' dir='ltr'>sentire.</span> <span class='ocrx_word' id='word_1_127' title='bbox 1211 829 1314 848; x_wconf 71' lang='lat' dir='ltr'><em>LVNAM</em></span> <span class='ocrx_word' id='word_1_128' title='bbox 1335 829 1424 848; x_wconf 71' lang='lat' dir='ltr'>sous-</span> 
     </span>
     <span class='ocr_line' id='line_1_15' title="bbox 141 869 1180 911; baseline 0 -10"><span class='ocrx_word' id='word_1_129' title='bbox 141 881 200 905; x_wconf 75' lang='lat' dir='ltr'>QVE</span> <span class='ocrx_word' id='word_1_130' title='bbox 219 871 360 909; x_wconf 66' lang='lat' dir='ltr'>maanes]</span> <span class='ocrx_word' id='word_1_131' title='bbox 386 872 474 901; x_wconf 77' lang='lat' dir='ltr'>amat</span> <span class='ocrx_word' id='word_1_132' title='bbox 494 880 569 902; x_wconf 77' lang='lat' dir='ltr'>sane</span> <span class='ocrx_word' id='word_1_133' title='bbox 591 870 701 910; x_wconf 77' lang='lat' dir='ltr'>ubique</span> <span class='ocrx_word' id='word_1_134' title='bbox 724 869 825 902; x_wconf 84' lang='lat' dir='ltr'>Solem</span> <span class='ocrx_word' id='word_1_135' title='bbox 849 872 877 901; x_wconf 76' lang='lat' dir='ltr'>ct</span> <span class='ocrx_word' id='word_1_136' title='bbox 899 870 1026 901; x_wconf 73' lang='lat' dir='ltr'>lamam</span> <span class='ocrx_word' id='word_1_137' title='bbox 1050 871 1180 911; x_wconf 71' lang='lat' dir='ltr'>iunyere.</span> 
     </span>
    </p>

    <p class='ocr_par' dir='ltr' id='par_1_7' title="bbox 139 923 1425 1491">
     <span class='ocr_line' id='line_1_16' title="bbox 230 923 1423 965; baseline 0.001 -10"><span class='ocrx_word' id='word_1_138' title='bbox 230 923 302 954; x_wconf 83' lang='lat'>743.</span> <span class='ocrx_word' id='word_1_139' title='bbox 341 932 436 955; x_wconf 82' lang='lat' dir='ltr'>VNDE</span> <span class='ocrx_word' id='word_1_140' title='bbox 461 932 626 955; x_wconf 80' lang='lat' dir='ltr'>HOMINVM</span> <span class='ocrx_word' id='word_1_141' title='bbox 651 932 765 955; x_wconf 78' lang='lat' dir='ltr'>GENVS</span> <span class='ocrx_word' id='word_1_142' title='bbox 790 924 817 955; x_wconf 88' lang='lat' dir='ltr'>si</span> <span class='ocrx_word' id='word_1_143' title='bbox 841 923 986 954; x_wconf 84' lang='lat' dir='ltr'>fabulam</span> <span class='ocrx_word' id='word_1_144' title='bbox 1011 924 1158 965; x_wconf 81' lang='lat' dir='ltr'>respicis,</span> <span class='ocrx_word' id='word_1_145' title='bbox 1187 936 1206 955; x_wconf 91' lang='lat' dir='ltr'>a</span> <span class='ocrx_word' id='word_1_146' title='bbox 1229 924 1423 956; x_wconf 84' lang='lat' dir='ltr'>Prometheo</span> 
     </span>
     <span class='ocr_line' id='line_1_17' title="bbox 140 976 1425 1019; baseline 0.002 -12"><span class='ocrx_word' id='word_1_147' title='bbox 140 976 308 1018; x_wconf 84' lang='lat' dir='ltr'>intellege,</span> <span class='ocrx_word' id='word_1_148' title='bbox 332 977 384 1009; x_wconf 86' lang='lat' dir='ltr'>vel</span> <span class='ocrx_word' id='word_1_149' title='bbox 408 988 427 1008; x_wconf 89' lang='lat' dir='ltr'>a</span> <span class='ocrx_word' id='word_1_150' title='bbox 451 976 649 1009; x_wconf 84' lang='lat' dir='ltr'>Deucalione</span> <span class='ocrx_word' id='word_1_151' title='bbox 674 979 707 1009; x_wconf 90' lang='lat' dir='ltr'>et</span> <span class='ocrx_word' id='word_1_152' title='bbox 730 977 871 1018; x_wconf 82' lang='lat' dir='ltr'>Pyrrha3</span> <span class='ocrx_word' id='word_1_153' title='bbox 903 977 931 1008; x_wconf 85' lang='lat' dir='ltr'>si</span> <span class='ocrx_word' id='word_1_154' title='bbox 956 978 1063 1008; x_wconf 87' lang='lat' dir='ltr'>autem</span> <span class='ocrx_word' id='word_1_155' title='bbox 1088 977 1256 1009; x_wconf 85' lang='lat' dir='ltr'>veritatem</span> <span class='ocrx_word' id='word_1_156' title='bbox 1280 978 1425 1019; x_wconf 74' lang='lat' dir='ltr'>requiri8‚</span> 
     </span>
     <span class='ocr_line' id='line_1_18' title="bbox 139 1029 1424 1073; baseline 0.002 -13"><span class='ocrx_word' id='word_1_157' title='bbox 139 1029 231 1061; x_wconf 80' lang='lat' dir='ltr'>varia</span> <span class='ocrx_word' id='word_1_158' title='bbox 254 1032 305 1061; x_wconf 87' lang='lat' dir='ltr'>est</span> <span class='ocrx_word' id='word_1_159' title='bbox 328 1030 437 1071; x_wconf 91' lang='lat' dir='ltr'>opinio</span> <span class='ocrx_word' id='word_1_160' title='bbox 461 1030 739 1072; x_wconf 90' lang='lat' dir='ltr'>philosophorum.</span> <span class='ocrx_word' id='word_1_161' title='bbox 777 1030 832 1062; x_wconf 88' lang='lat' dir='ltr'>alii</span> <span class='ocrx_word' id='word_1_162' title='bbox 857 1030 940 1062; x_wconf 88' lang='lat' dir='ltr'>enim</span> <span class='ocrx_word' id='word_1_163' title='bbox 960 1030 998 1062; x_wconf 91' lang='lat' dir='ltr'>de</span> <span class='ocrx_word' id='word_1_164' title='bbox 1023 1042 1134 1062; x_wconf 90' lang='lat' dir='ltr'>umore</span> <span class='ocrx_word' id='word_1_165' title='bbox 1158 1031 1282 1073; x_wconf 84' lang='lat' dir='ltr'>dicunt,</span> <span class='ocrx_word' id='word_1_166' title='bbox 1307 1031 1362 1063; x_wconf 82' lang='lat' dir='ltr'>alii</span> <span class='ocrx_word' id='word_1_167' title='bbox 1386 1031 1424 1062; x_wconf 88' lang='lat' dir='ltr'>de</span> 
     </span>
     <span class='ocr_line' id='line_1_19' title="bbox 141 1082 1424 1126; baseline 0.002 -12"><span class='ocrx_word' id='word_1_168' title='bbox 141 1082 225 1124; x_wconf 82' lang='lat' dir='ltr'>igni,</span> <span class='ocrx_word' id='word_1_169' title='bbox 250 1083 306 1115; x_wconf 87' lang='lat' dir='ltr'>alii</span> <span class='ocrx_word' id='word_1_170' title='bbox 327 1083 366 1115; x_wconf 86' lang='lat' dir='ltr'>de</span> <span class='ocrx_word' id='word_1_171' title='bbox 385 1085 518 1126; x_wconf 81' lang='lat' dir='ltr'>atomis,</span> <span class='ocrx_word' id='word_1_172' title='bbox 543 1085 599 1116; x_wconf 90' lang='lat' dir='ltr'>alii</span> <span class='ocrx_word' id='word_1_173' title='bbox 619 1085 658 1116; x_wconf 91' lang='lat' dir='ltr'>de</span> <span class='ocrx_word' id='word_1_174' title='bbox 676 1086 831 1126; x_wconf 87' lang='lat' dir='ltr'>quattuor</span> <span class='ocrx_word' id='word_1_175' title='bbox 847 1084 1022 1115; x_wconf 82' lang='lat' dir='ltr'>elementis.</span> <span class='ocrx_word' id='word_1_176' title='bbox 1102 1097 1231 1117; x_wconf 58' lang='lat' dir='ltr'>premes</span> <span class='ocrx_word' id='word_1_177' title='bbox 1246 1096 1307 1126; x_wconf 72' lang='lat' dir='ltr'>pro</span> <span class='ocrx_word' id='word_1_178' title='bbox 1327 1086 1424 1116; x_wconf 77' lang='lat' dir='ltr'>omni-</span> 
     </span>
     <span class='ocr_line' id='line_1_20' title="bbox 140 1136 1424 1180; baseline 0.002 -12"><span class='ocrx_word' id='word_1_179' title='bbox 140 1136 196 1168; x_wconf 77' lang='lat' dir='ltr'>bus</span> <span class='ocrx_word' id='word_1_180' title='bbox 213 1138 327 1177; x_wconf 78' lang='lat' dir='ltr'>posuit.</span> <span class='ocrx_word' id='word_1_181' title='bbox 418 1147 514 1169; x_wconf 80' lang='lat' dir='ltr'>VNDE</span> <span class='ocrx_word' id='word_1_182' title='bbox 540 1147 649 1170; x_wconf 78' lang='lat' dir='ltr'>IMBER</span> <span class='ocrx_word' id='word_1_183' title='bbox 672 1138 797 1170; x_wconf 85' lang='lat' dir='ltr'>scilicet</span> <span class='ocrx_word' id='word_1_184' title='bbox 820 1138 858 1169; x_wconf 86' lang='lat' dir='ltr'>de</span> <span class='ocrx_word' id='word_1_185' title='bbox 882 1138 1036 1179; x_wconf 81' lang='lat' dir='ltr'>nubibus,</span> <span class='ocrx_word' id='word_1_186' title='bbox 1061 1149 1142 1180; x_wconf 87' lang='lat' dir='ltr'>quae</span> <span class='ocrx_word' id='word_1_187' title='bbox 1167 1138 1341 1170; x_wconf 87' lang='lat' dir='ltr'>secundum</span> <span class='ocrx_word' id='word_1_188' title='bbox 1364 1138 1424 1170; x_wconf 86' lang='lat' dir='ltr'>Lu-</span> 
     </span>
     <span class='ocr_line' id='line_1_21' title="bbox 140 1189 1423 1233; baseline 0.002 -12"><span class='ocrx_word' id='word_1_189' title='bbox 140 1189 276 1222; x_wconf 88' lang='lat' dir='ltr'>cretium</span> <span class='ocrx_word' id='word_1_190' title='bbox 300 1191 339 1222; x_wconf 89' lang='lat' dir='ltr'>de</span> <span class='ocrx_word' id='word_1_191' title='bbox 362 1193 468 1223; x_wconf 86' lang='lat' dir='ltr'>terrae</span> <span class='ocrx_word' id='word_1_192' title='bbox 493 1191 640 1224; x_wconf 85' lang='lat' dir='ltr'>anhelitu</span> <span class='ocrx_word' id='word_1_193' title='bbox 665 1193 855 1233; x_wconf 77' lang='lat' dir='ltr'>nascuntur,</span> <span class='ocrx_word' id='word_1_194' title='bbox 880 1192 935 1233; x_wconf 91' lang='lat' dir='ltr'>qui</span> <span class='ocrx_word' id='word_1_195' title='bbox 958 1192 1093 1223; x_wconf 83' lang='lat' dir='ltr'>nebulas</span> <span class='ocrx_word' id='word_1_196' title='bbox 1121 1194 1222 1223; x_wconf 88' lang='lat' dir='ltr'>creat:</span> <span class='ocrx_word' id='word_1_197' title='bbox 1247 1203 1327 1233; x_wconf 86' lang='lat' dir='ltr'>quae</span> <span class='ocrx_word' id='word_1_198' title='bbox 1352 1203 1423 1223; x_wconf 86' lang='lat' dir='ltr'>cum</span> 
     </span>
     <span class='ocr_line' id='line_1_22' title="bbox 140 1243 1423 1287; baseline 0.001 -12"><span class='ocrx_word' id='word_1_199' title='bbox 140 1243 238 1276; x_wconf 83' lang='lat' dir='ltr'>altius</span> <span class='ocrx_word' id='word_1_200' title='bbox 268 1244 389 1276; x_wconf 86' lang='lat' dir='ltr'>fuerint</span> <span class='ocrx_word' id='word_1_201' title='bbox 418 1245 577 1287; x_wconf 82' lang='lat' dir='ltr'>elevatae,</span> <span class='ocrx_word' id='word_1_202' title='bbox 605 1247 662 1277; x_wconf 87' lang='lat' dir='ltr'>aut</span> <span class='ocrx_word' id='word_1_203' title='bbox 690 1245 769 1277; x_wconf 84' lang='lat' dir='ltr'>solis</span> <span class='ocrx_word' id='word_1_204' title='bbox 799 1245 905 1277; x_wconf 90' lang='lat' dir='ltr'>calore</span> <span class='ocrx_word' id='word_1_205' title='bbox 933 1245 1095 1277; x_wconf 85' lang='lat' dir='ltr'>resolutae</span> <span class='ocrx_word' id='word_1_206' title='bbox 1121 1247 1177 1276; x_wconf 91' lang='lat' dir='ltr'>aut</span> <span class='ocrx_word' id='word_1_207' title='bbox 1199 1246 1231 1277; x_wconf 87' lang='lat' dir='ltr'>vi</span> <span class='ocrx_word' id='word_1_208' title='bbox 1255 1247 1423 1277; x_wconf 87' lang='lat' dir='ltr'>ventorum</span> 
     </span>
     <span class='ocr_line' id='line_1_23' title="bbox 140 1298 1422 1340; baseline 0.002 -12"><span class='ocrx_word' id='word_1_209' title='bbox 140 1308 335 1339; x_wconf 81' lang='lat' dir='ltr'>conpressae</span> <span class='ocrx_word' id='word_1_210' title='bbox 354 1298 489 1330; x_wconf 88' lang='lat' dir='ltr'>mittunt</span> <span class='ocrx_word' id='word_1_211' title='bbox 513 1299 600 1330; x_wconf 87' lang='lat' dir='ltr'>leves</span> <span class='ocrx_word' id='word_1_212' title='bbox 623 1299 752 1340; x_wconf 85' lang='lat' dir='ltr'>pluvias</span> <span class='ocrx_word' id='word_1_213' title='bbox 772 1299 821 1330; x_wconf 88' lang='lat' dir='ltr'>vel</span> <span class='ocrx_word' id='word_1_214' title='bbox 847 1299 1032 1340; x_wconf 86' lang='lat' dir='ltr'>exprimunt</span> <span class='ocrx_word' id='word_1_215' title='bbox 1052 1299 1287 1330; x_wconf 86' lang='lat' dir='ltr'>concitatiores.</span> <span class='ocrx_word' id='word_1_216' title='bbox 1378 1307 1422 1329; x_wconf 78' lang='grc' dir='ltr'>ΕΤ</span> 
     </span>
     <span class='ocr_line' id='line_1_24' title="bbox 139 1351 1422 1427; baseline 0 -45"><span class='ocrx_word' id='word_1_217' title='bbox 139 1359 241 1383; x_wconf 78' lang='lat' dir='ltr'>IGNES</span> <span class='ocrx_word' id='word_1_218' title='bbox 267 1351 390 1384; x_wconf 86' lang='lat' dir='ltr'>scilicet</span> <span class='ocrx_word' id='word_1_219' title='bbox 418 1363 456 1427; x_wconf 54' lang='lat' dir='ltr'>ei?</span> <span class='ocrx_word' id='word_1_220' title='bbox 479 1352 614 1383; x_wconf 89' lang='lat' dir='ltr'>nubium</span> <span class='ocrx_word' id='word_1_221' title='bbox 643 1352 829 1384; x_wconf 91' lang='lat' dir='ltr'>conlisione.</span> <span class='ocrx_word' id='word_1_222' title='bbox 875 1363 950 1383; x_wconf 86' lang='lat' dir='ltr'>nam</span> <span class='ocrx_word' id='word_1_223' title='bbox 980 1352 1123 1384; x_wconf 88' lang='lat' dir='ltr'>omnium</span> <span class='ocrx_word' id='word_1_224' title='bbox 1152 1363 1260 1383; x_wconf 88' lang='lat' dir='ltr'>rerum</span> <span class='ocrx_word' id='word_1_225' title='bbox 1289 1352 1422 1383; x_wconf 84' lang='lat' dir='ltr'>conlisio</span> 
     </span>
     <span class='ocr_line' id='line_1_25' title="bbox 141 1404 1422 1447; baseline 0 -10"><span class='ocrx_word' id='word_1_226' title='bbox 141 1404 252 1445; x_wconf 82' lang='lat' dir='ltr'>ignem</span> <span class='ocrx_word' id='word_1_227' title='bbox 276 1407 377 1446; x_wconf 73' lang='lat' dir='ltr'>creat,</span> <span class='ocrx_word' id='word_1_228' title='bbox 405 1407 443 1437; x_wconf 91' lang='lat' dir='ltr'>ut</span> <span class='ocrx_word' id='word_1_229' title='bbox 465 1406 499 1437; x_wconf 90' lang='lat' dir='ltr'>in</span> <span class='ocrx_word' id='word_1_230' title='bbox 522 1406 686 1447; x_wconf 84' lang='lat' dir='ltr'>lapidibus</span> <span class='ocrx_word' id='word_1_231' title='bbox 712 1406 884 1447; x_wconf 83' lang='lat' dir='ltr'>cernimus,</span> <span class='ocrx_word' id='word_1_232' title='bbox 912 1406 963 1437; x_wconf 86' lang='lat' dir='ltr'>vel</span> <span class='ocrx_word' id='word_1_233' title='bbox 989 1406 1104 1437; x_wconf 85' lang='lat' dir='ltr'>attritu</span> <span class='ocrx_word' id='word_1_234' title='bbox 1128 1407 1285 1447; x_wconf 86' lang='lat' dir='ltr'>rotarum,</span> <span class='ocrx_word' id='word_1_235' title='bbox 1315 1405 1365 1436; x_wconf 87' lang='lat' dir='ltr'>vel</span> <span class='ocrx_word' id='word_1_236' title='bbox 1390 1405 1422 1436; x_wconf 87' lang='lat' dir='ltr'>in</span> 
     </span>
     <span class='ocr_line' id='line_1_26' title="bbox 140 1457 480 1491; baseline 0.006 -2"><span class='ocrx_word' id='word_1_237' title='bbox 140 1457 175 1489; x_wconf 88' lang='lat' dir='ltr'>in</span> <span class='ocrx_word' id='word_1_238' title='bbox 198 1458 290 1490; x_wconf 89' lang='lat' dir='ltr'>silvis</span> <span class='ocrx_word' id='word_1_239' title='bbox 317 1458 480 1491; x_wconf 88' lang='lat' dir='ltr'>arborum.</span> 
     </span>
    </p>

    <p class='ocr_par' dir='ltr' id='par_1_8' title="bbox 231 1511 1423 1554">
     <span class='ocr_line' id='line_1_27' title="bbox 231 1511 1423 1554; baseline 0.002 -12"><span class='ocrx_word' id='word_1_240' title='bbox 231 1511 303 1542; x_wconf 82' lang='lat'>744.</span> <span class='ocrx_word' id='word_1_241' title='bbox 341 1520 530 1544; x_wconf 80' lang='lat' dir='ltr'>ARCTVRVM</span> <span class='ocrx_word' id='word_1_242' title='bbox 559 1513 656 1544; x_wconf 85' lang='lat' dir='ltr'>stella</span> <span class='ocrx_word' id='word_1_243' title='bbox 685 1515 734 1544; x_wconf 87' lang='lat' dir='ltr'>est</span> <span class='ocrx_word' id='word_1_244' title='bbox 762 1514 836 1554; x_wconf 86' lang='lat' dir='ltr'>post</span> <span class='ocrx_word' id='word_1_245' title='bbox 859 1512 992 1544; x_wconf 86' lang='lat' dir='ltr'>caudam</span> <span class='ocrx_word' id='word_1_246' title='bbox 1018 1513 1149 1544; x_wconf 77' lang='lat' dir='ltr'>maioris</span> <span class='ocrx_word' id='word_1_247' title='bbox 1180 1524 1287 1554; x_wconf 81' lang='lat' dir='ltr'>ursae,</span> <span class='ocrx_word' id='word_1_248' title='bbox 1315 1513 1423 1553; x_wconf 78' lang='lat' dir='ltr'>posita</span> 
     </span>
    </p>
   </div>
   <div class='ocr_carea' id='block_1_6' title="bbox 211 1590 1400 1631">
    <p class='ocr_par' dir='ltr' id='par_1_9' title="bbox 211 1590 1400 1631">
     <span class='ocr_line' id='line_1_28' title="bbox 211 1590 1400 1631; baseline 0 -15"><span class='ocrx_word' id='word_1_249' title='bbox 211 1593 227 1616; x_wconf 99' lang='grc'>2</span> <span class='ocrx_word' id='word_1_250' title='bbox 248 1590 380 1631; x_wconf 81' lang='lat' dir='ltr'>Vulcani]</span> <span class='ocrx_word' id='word_1_251' title='bbox 399 1598 495 1625; x_wconf 87' lang='lat' dir='ltr'>georg.</span> <span class='ocrx_word' id='word_1_252' title='bbox 511 1591 548 1617; x_wconf 94' lang='lat' dir='ltr'>IV</span> <span class='ocrx_word' id='word_1_253' title='bbox 564 1592 638 1625; x_wconf 80' lang='grc'><strong>34611</strong></span> <span class='ocrx_word' id='word_1_254' title='bbox 653 1594 668 1617; x_wconf 98' lang='grc'>3</span> <span class='ocrx_word' id='word_1_255' title='bbox 688 1591 718 1617; x_wconf 86' lang='lat' dir='ltr'>id</span> <span class='ocrx_word' id='word_1_256' title='bbox 733 1591 775 1617; x_wconf 85' lang='lat' dir='ltr'>cst</span> <span class='ocrx_word' id='word_1_257' title='bbox 790 1591 924 1625; x_wconf 91' lang='lat' dir='ltr'>obliquo.</span> <span class='ocrx_word' id='word_1_258' title='bbox 965 1592 1122 1626; x_wconf 78' lang='lat' dir='ltr'>,patiaturl</span> <span class='ocrx_word' id='word_1_259' title='bbox 1144 1600 1242 1618; x_wconf 88' lang='lat' dir='ltr'>comm</span> <span class='ocrx_word' id='word_1_260' title='bbox 1259 1591 1324 1618; x_wconf 89' lang='lat' dir='ltr'>Luc.</span> <span class='ocrx_word' id='word_1_261' title='bbox 1340 1591 1351 1616; x_wconf 94' lang='grc' dir='ltr'>Ι</span> <span class='ocrx_word' id='word_1_262' title='bbox 1368 1593 1400 1617; x_wconf 83' lang='grc'>78</span> 
     </span>
    </p>
   </div>
   <div class='ocr_carea' id='block_1_7' title="bbox 139 1625 1423 1732">
    <p class='ocr_par' dir='ltr' id='par_1_10' title="bbox 139 1625 1423 1732">
     <span class='ocr_line' id='line_1_29' title="bbox 142 1625 1423 1661; baseline 0 -9"><span class='ocrx_word' id='word_1_263' title='bbox 142 1626 226 1652; x_wconf 77' lang='lat' dir='ltr'>&#39;Ised</span> <span class='ocrx_word' id='word_1_264' title='bbox 244 1625 367 1660; x_wconf 89' lang='lat' dir='ltr'>quinque</span> <span class='ocrx_word' id='word_1_265' title='bbox 388 1647 393 1652; x_wconf 92' lang='lat'>.</span> <span class='ocrx_word' id='word_1_266' title='bbox 410 1648 415 1653; x_wconf 91' lang='lat'>.</span> <span class='ocrx_word' id='word_1_267' title='bbox 432 1647 437 1651; x_wconf 93' lang='lat'>.</span> <span class='ocrx_word' id='word_1_268' title='bbox 458 1627 605 1661; x_wconf 89' lang='lat' dir='ltr'>mundum]</span> <span class='ocrx_word' id='word_1_269' title='bbox 626 1626 660 1653; x_wconf 87' lang='lat' dir='ltr'>cf.</span> <span class='ocrx_word' id='word_1_270' title='bbox 681 1626 744 1653; x_wconf 85' lang='lat' dir='ltr'>Isid.</span> <span class='ocrx_word' id='word_1_271' title='bbox 765 1627 833 1661; x_wconf 87' lang='lat' dir='ltr'>orig.</span> <span class='ocrx_word' id='word_1_272' title='bbox 853 1628 892 1653; x_wconf 90' lang='lat' dir='ltr'>III</span> <span class='ocrx_word' id='word_1_273' title='bbox 912 1630 953 1660; x_wconf 80' lang='lat'>70</span> <span class='ocrx_word' id='word_1_274' title='bbox 975 1630 1007 1653; x_wconf 77' lang='lat'>⁴20</span> <span class='ocrx_word' id='word_1_275' title='bbox 1022 1628 1031 1661; x_wconf 78' lang='lat' dir='ltr'>ss</span> <span class='ocrx_word' id='word_1_276' title='bbox 1052 1630 1083 1653; x_wconf 88' lang='lat'>18</span> <span class='ocrx_word' id='word_1_277' title='bbox 1103 1627 1235 1654; x_wconf 83' lang='lat' dir='ltr'>seilicet.</span> <span class='ocrx_word' id='word_1_278' title='bbox 1275 1648 1281 1653; x_wconf 85' lang='lat'>.</span> <span class='ocrx_word' id='word_1_279' title='bbox 1301 1626 1423 1653; x_wconf 79' lang='lat' dir='ltr'>concita-</span> 
     </span>
     <span class='ocr_line' id='line_1_30' title="bbox 139 1661 1422 1697; baseline -0.001 -10"><span class='ocrx_word' id='word_1_280' title='bbox 139 1661 237 1696; x_wconf 83' lang='lat' dir='ltr'>tiores]</span> <span class='ocrx_word' id='word_1_281' title='bbox 258 1670 344 1688; x_wconf 80' lang='lat' dir='ltr'>exscr</span> <span class='ocrx_word' id='word_1_282' title='bbox 365 1661 429 1688; x_wconf 85' lang='lat' dir='ltr'>Isid.</span> <span class='ocrx_word' id='word_1_283' title='bbox 450 1662 512 1696; x_wconf 84' lang='lat' dir='ltr'>orig</span> <span class='ocrx_word' id='word_1_284' title='bbox 514 1662 604 1688; x_wconf 86' lang='grc' dir='ltr'>,ΧΙΙΙ</span> <span class='ocrx_word' id='word_1_285' title='bbox 625 1665 666 1696; x_wconf 83' lang='lat'>10,</span> <span class='ocrx_word' id='word_1_286' title='bbox 687 1663 726 1696; x_wconf 70' lang='lat'>211</span> <span class='ocrx_word' id='word_1_287' title='bbox 748 1665 781 1688; x_wconf 87' lang='grc'>22</span> <span class='ocrx_word' id='word_1_288' title='bbox 802 1662 934 1689; x_wconf 82' lang='lat' dir='ltr'>scilicet.</span> <span class='ocrx_word' id='word_1_289' title='bbox 975 1684 979 1688; x_wconf 94' lang='lat'>.</span> <span class='ocrx_word' id='word_1_290' title='bbox 1001 1663 1144 1697; x_wconf 87' lang='lat' dir='ltr'>arborum]</span> <span class='ocrx_word' id='word_1_291' title='bbox 1165 1671 1251 1689; x_wconf 85' lang='lat' dir='ltr'>exscr</span> <span class='ocrx_word' id='word_1_292' title='bbox 1273 1662 1334 1688; x_wconf 87' lang='lat' dir='ltr'>lsid.</span> <span class='ocrx_word' id='word_1_293' title='bbox 1355 1661 1422 1695; x_wconf 86' lang='lat' dir='ltr'>orig.</span> 
     </span>
     <span class='ocr_line' id='line_1_31' title="bbox 140 1695 1086 1732; baseline 0.002 -10"><span class='ocrx_word' id='word_1_294' title='bbox 140 1696 205 1723; x_wconf 87' lang='lat' dir='ltr'>XIII</span> <span class='ocrx_word' id='word_1_295' title='bbox 225 1700 284 1730; x_wconf 85' lang='lat'>9,1</span> <span class='ocrx_word' id='word_1_296' title='bbox 301 1698 310 1731; x_wconf 82' lang='grc' dir='ltr'>ΙΙ</span> <span class='ocrx_word' id='word_1_297' title='bbox 331 1700 364 1723; x_wconf 83' lang='grc'>25</span> <span class='ocrx_word' id='word_1_298' title='bbox 384 1697 467 1724; x_wconf 85' lang='lat' dir='ltr'>stella</span> <span class='ocrx_word' id='word_1_299' title='bbox 489 1719 494 1724; x_wconf 89' lang='lat'>.</span> <span class='ocrx_word' id='word_1_300' title='bbox 516 1719 521 1723; x_wconf 95' lang='lat'>.</span> <span class='ocrx_word' id='word_1_301' title='bbox 542 1719 548 1724; x_wconf 83' lang='lat'>.</span> <span class='ocrx_word' id='word_1_302' title='bbox 569 1695 652 1732; x_wconf 80' lang='grc' dir='ltr'>ουρά]</span> <span class='ocrx_word' id='word_1_303' title='bbox 673 1706 759 1724; x_wconf 79' lang='lat' dir='ltr'>exscr.</span> <span class='ocrx_word' id='word_1_304' title='bbox 779 1698 841 1724; x_wconf 86' lang='lat' dir='ltr'>Isid.</span> <span class='ocrx_word' id='word_1_305' title='bbox 863 1698 930 1732; x_wconf 88' lang='lat' dir='ltr'>orig.</span> <span class='ocrx_word' id='word_1_306' title='bbox 951 1698 989 1724; x_wconf 89' lang='lat' dir='ltr'>Ill</span> <span class='ocrx_word' id='word_1_307' title='bbox 1009 1701 1051 1731; x_wconf 80' lang='lat'>70,</span> <span class='ocrx_word' id='word_1_308' title='bbox 1071 1702 1086 1724; x_wconf 83' lang='lat'>9</span> 
     </span>
    </p>
   </div>
   <div class='ocr_carea' id='block_1_8' title="bbox 145 1748 287 1750">
    <p class='ocr_par' dir='ltr' id='par_1_11' title="bbox 145 1748 287 1750">
     <span class='ocr_line' id='line_1_32' title="bbox 145 1748 287 1750; baseline 0 0"><span class='ocrx_word' id='word_1_309' title='bbox 145 1748 287 1750; x_wconf 95' lang='lat' dir='ltr'> </span> 
     </span>
    </p>
   </div>
   <div class='ocr_carea' id='block_1_9' title="bbox 113 1768 1424 2408">
    <p class='ocr_par' dir='ltr' id='par_1_12' title="bbox 113 1768 1424 2408">
     <span class='ocr_line' id='line_1_33' title="bbox 211 1768 1400 1803; baseline -0.001 -8"><span class='ocrx_word' id='word_1_310' title='bbox 211 1772 227 1795; x_wconf 88' lang='grc'>3</span> <span class='ocrx_word' id='word_1_311' title='bbox 252 1768 323 1795; x_wconf 85' lang='lat' dir='ltr'>elico</span> <span class='ocrx_word' id='word_1_312' title='bbox 347 1769 444 1795; x_wconf 89' lang='lat' dir='ltr'>BLH</span> <span class='ocrx_word' id='word_1_313' title='bbox 469 1769 600 1795; x_wconf 87' lang='lat' dir='ltr'>elicoides</span> <span class='ocrx_word' id='word_1_314' title='bbox 622 1769 658 1794; x_wconf 91' lang='lat' dir='ltr'><em>M</em></span> <span class='ocrx_word' id='word_1_315' title='bbox 685 1769 816 1796; x_wconf 83' lang='lat' dir='ltr'>elicoides</span> <span class='ocrx_word' id='word_1_316' title='bbox 841 1770 883 1795; x_wconf 81' lang='lat' dir='ltr'>est</span> <span class='ocrx_word' id='word_1_317' title='bbox 906 1770 915 1795; x_wconf 83' lang='lat' dir='ltr'>l</span> <span class='ocrx_word' id='word_1_318' title='bbox 942 1770 951 1803; x_wconf 79' lang='lat' dir='ltr'>H</span> <span class='ocrx_word' id='word_1_319' title='bbox 979 1773 994 1795; x_wconf 83' lang='lat'>6</span> <span class='ocrx_word' id='word_1_320' title='bbox 1015 1777 1081 1795; x_wconf 79' lang='lat' dir='ltr'>sane</span> <span class='ocrx_word' id='word_1_321' title='bbox 1101 1770 1207 1803; x_wconf 82' lang='lat' dir='ltr'>septem</span> <span class='ocrx_word' id='word_1_322' title='bbox 1226 1769 1356 1803; x_wconf 85' lang='lat' dir='ltr'>planetae</span> <span class='ocrx_word' id='word_1_323' title='bbox 1378 1768 1400 1794; x_wconf 88' lang='grc' dir='ltr'><em>Ο</em></span> 
     </span>
     <span class='ocr_line' id='line_1_34' title="bbox 141 1804 1423 1838; baseline 0 -8"><span class='ocrx_word' id='word_1_324' title='bbox 141 1806 155 1830; x_wconf 82' lang='grc'>7</span> <span class='ocrx_word' id='word_1_325' title='bbox 176 1804 219 1831; x_wconf 82' lang='lat' dir='ltr'>sol</span> <span class='ocrx_word' id='word_1_326' title='bbox 237 1804 305 1831; x_wconf 87' lang='lat' dir='ltr'>luna</span> <span class='ocrx_word' id='word_1_327' title='bbox 323 1813 398 1831; x_wconf 81' lang='lat' dir='ltr'>mars</span> <span class='ocrx_word' id='word_1_328' title='bbox 417 1804 570 1831; x_wconf 84' lang='lat' dir='ltr'>mercurius</span> <span class='ocrx_word' id='word_1_329' title='bbox 590 1804 713 1838; x_wconf 86' lang='lat' dir='ltr'>iuppiter</span> <span class='ocrx_word' id='word_1_330' title='bbox 732 1814 818 1831; x_wconf 86' lang='lat' dir='ltr'>uenus</span> <span class='ocrx_word' id='word_1_331' title='bbox 834 1806 962 1831; x_wconf 82' lang='lat' dir='ltr'>saturnus</span> <span class='ocrx_word' id='word_1_332' title='bbox 982 1805 1053 1838; x_wconf 73' lang='lat'>01’11</span> <span class='ocrx_word' id='word_1_333' title='bbox 1069 1807 1083 1830; x_wconf 85' lang='grc'>8</span> <span class='ocrx_word' id='word_1_334' title='bbox 1100 1806 1136 1831; x_wconf 83' lang='lat' dir='ltr'>et.</span> <span class='ocrx_word' id='word_1_335' title='bbox 1142 1805 1240 1831; x_wconf 84' lang='lat' dir='ltr'>contra</span> <span class='ocrx_word' id='word_1_336' title='bbox 1256 1804 1324 1830; x_wconf 87' lang='grc' dir='ltr'>ΟΡ</span> <span class='ocrx_word' id='word_1_337' title='bbox 1343 1812 1423 1830; x_wconf 89' lang='lat' dir='ltr'>econ-</span> 
     </span>
     <span class='ocr_line' id='line_1_35' title="bbox 139 1839 1423 1874; baseline -0.002 -8"><span class='ocrx_word' id='word_1_338' title='bbox 139 1840 184 1866; x_wconf 79' lang='lat' dir='ltr'>tra</span> <span class='ocrx_word' id='word_1_339' title='bbox 202 1839 231 1866; x_wconf 88' lang='lat' dir='ltr'><strong><em>B</em></strong></span> <span class='ocrx_word' id='word_1_340' title='bbox 260 1840 357 1866; x_wconf 80' lang='lat' dir='ltr'>contra</span> <span class='ocrx_word' id='word_1_341' title='bbox 376 1840 441 1866; x_wconf 84' lang='lat' dir='ltr'>LH</span> <span class='ocrx_word' id='word_1_342' title='bbox 444 1841 481 1866; x_wconf 87' lang='lat' dir='ltr'><em>M</em></span> <span class='ocrx_word' id='word_1_343' title='bbox 492 1841 501 1874; x_wconf 77' lang='lat' dir='ltr'>ss</span> <span class='ocrx_word' id='word_1_344' title='bbox 516 1840 661 1874; x_wconf 88' lang='lat' dir='ltr'>mundum]</span> <span class='ocrx_word' id='word_1_345' title='bbox 683 1841 796 1867; x_wconf 89' lang='lat' dir='ltr'>modum</span> <span class='ocrx_word' id='word_1_346' title='bbox 811 1841 849 1866; x_wconf 91' lang='lat' dir='ltr'><em>L</em></span> <span class='ocrx_word' id='word_1_347' title='bbox 839 1849 885 1866; x_wconf 74' lang='lat' dir='ltr'>um</span> <span class='ocrx_word' id='word_1_348' title='bbox 899 1842 908 1874; x_wconf 86' lang='grc' dir='ltr'>ΙΙ</span> <span class='ocrx_word' id='word_1_349' title='bbox 922 1840 1097 1874; x_wconf 85' lang='lat' dir='ltr'>retrograndi</span> <span class='ocrx_word' id='word_1_350' title='bbox 1117 1841 1181 1866; x_wconf 84' lang='lat' dir='ltr'>sunt</span> <span class='ocrx_word' id='word_1_351' title='bbox 1201 1840 1225 1865; x_wconf 89' lang='lat' dir='ltr'><em>L</em></span> <span class='ocrx_word' id='word_1_352' title='bbox 1233 1840 1260 1865; x_wconf 90' lang='grc' dir='ltr'><em>Ρ</em></span> <span class='ocrx_word' id='word_1_353' title='bbox 1285 1840 1423 1872; x_wconf 81' lang='lat' dir='ltr'>retrogra-</span> 
     </span>
     <span class='ocr_line' id='line_1_36' title="bbox 140 1874 1423 1910; baseline -0.002 -9"><span class='ocrx_word' id='word_1_354' title='bbox 140 1875 255 1902; x_wconf 86' lang='lat' dir='ltr'>diuntur</span> <span class='ocrx_word' id='word_1_355' title='bbox 274 1875 307 1901; x_wconf 88' lang='lat' dir='ltr'><em>H</em></span> <span class='ocrx_word' id='word_1_356' title='bbox 317 1876 326 1909; x_wconf 78' lang='lat' dir='ltr'>l]</span> <span class='ocrx_word' id='word_1_357' title='bbox 345 1879 361 1902; x_wconf 82' lang='lat'>9</span> <span class='ocrx_word' id='word_1_358' title='bbox 381 1884 447 1910; x_wconf 85' lang='lat' dir='ltr'>ergo</span> <span class='ocrx_word' id='word_1_359' title='bbox 467 1884 516 1902; x_wconf 88' lang='lat' dir='ltr'>om.</span> <span class='ocrx_word' id='word_1_360' title='bbox 539 1875 593 1901; x_wconf 83' lang='lat' dir='ltr'>GP</span> <span class='ocrx_word' id='word_1_361' title='bbox 605 1876 614 1909; x_wconf 88' lang='grc' dir='ltr'>ΙΙ</span> <span class='ocrx_word' id='word_1_362' title='bbox 635 1879 667 1902; x_wconf 89' lang='grc'>10</span> <span class='ocrx_word' id='word_1_363' title='bbox 686 1876 838 1910; x_wconf 82' lang='lat' dir='ltr'>venientis]</span> <span class='ocrx_word' id='word_1_364' title='bbox 858 1875 963 1902; x_wconf 82' lang='lat' dir='ltr'>ruentis</span> <span class='ocrx_word' id='word_1_365' title='bbox 984 1875 1036 1902; x_wconf 80' lang='grc' dir='ltr'>ΟΡ</span> <span class='ocrx_word' id='word_1_366' title='bbox 1053 1877 1062 1908; x_wconf 77' lang='grc' dir='ltr'>ΙΙ</span> <span class='ocrx_word' id='word_1_367' title='bbox 1083 1878 1112 1901; x_wconf 95' lang='grc'>11</span> <span class='ocrx_word' id='word_1_368' title='bbox 1134 1884 1189 1901; x_wconf 58' lang='grc'><strong>11111</strong></span> <span class='ocrx_word' id='word_1_369' title='bbox 1192 1884 1236 1901; x_wconf 67' lang='lat' dir='ltr'>ma</span> <span class='ocrx_word' id='word_1_370' title='bbox 1255 1883 1377 1901; x_wconf 52' lang='lat' dir='ltr'>nanas-TA</span> <span class='ocrx_word' id='word_1_371' title='bbox 1397 1874 1423 1899; x_wconf 89' lang='lat' dir='ltr'><em>B</em></span> 
     </span>
     <span class='ocr_line' id='line_1_37' title="bbox 634 1926 650 1939; baseline 0 0"><span class='ocrx_word' id='word_1_372' title='bbox 634 1926 650 1939; x_wconf 80' lang='lat' dir='ltr'>A</span> 
     </span>
     <span class='ocr_line' id='line_1_38' title="bbox 141 1945 1423 1981; baseline -0.001 -8"><span class='ocrx_word' id='word_1_373' title='bbox 141 1955 222 1973; x_wconf 62' lang='lat' dir='ltr'>aiom</span> <span class='ocrx_word' id='word_1_374' title='bbox 242 1954 300 1973; x_wconf 67' lang='grc' dir='ltr'>κει)-</span> <span class='ocrx_word' id='word_1_375' title='bbox 303 1955 332 1973; x_wconf 70' lang='lat' dir='ltr'>(A</span> <span class='ocrx_word' id='word_1_376' title='bbox 335 1956 387 1973; x_wconf 67' lang='lat' dir='ltr'>Nu</span> <span class='ocrx_word' id='word_1_377' title='bbox 408 1947 433 1972; x_wconf 88' lang='lat' dir='ltr'><em>L</em></span> <span class='ocrx_word' id='word_1_378' title='bbox 460 1946 564 1973; x_wconf 84' lang='lat' dir='ltr'>haiona</span> <span class='ocrx_word' id='word_1_379' title='bbox 585 1956 690 1972; x_wconf 50' lang='lat' dir='ltr'>Kanum</span> <span class='ocrx_word' id='word_1_380' title='bbox 706 1946 740 1972; x_wconf 91' lang='lat' dir='ltr'><em>H</em></span> <span class='ocrx_word' id='word_1_381' title='bbox 764 1946 867 1973; x_wconf 87' lang='lat' dir='ltr'>haiona</span> <span class='ocrx_word' id='word_1_382' title='bbox 887 1955 1009 1973; x_wconf 66' lang='lat' dir='ltr'>xauAsrx</span> <span class='ocrx_word' id='word_1_383' title='bbox 1026 1947 1062 1972; x_wconf 86' lang='lat' dir='ltr'><em>M</em></span> <span class='ocrx_word' id='word_1_384' title='bbox 1074 1947 1083 1979; x_wconf 75' lang='grc' dir='ltr'>ΙΙ</span> <span class='ocrx_word' id='word_1_385' title='bbox 1100 1949 1130 1972; x_wconf 88' lang='grc'>12</span> <span class='ocrx_word' id='word_1_386' title='bbox 1151 1946 1267 1981; x_wconf 82' lang='lat' dir='ltr'>sentire]</span> <span class='ocrx_word' id='word_1_387' title='bbox 1288 1945 1423 1972; x_wconf 81' lang='lat' dir='ltr'>sustinere</span> 
     </span>
     <span class='ocr_line' id='line_1_39' title="bbox 113 1981 1423 2016; baseline -0.002 -7"><span class='ocrx_word' id='word_1_388' title='bbox 113 2010 117 2015; x_wconf 62' lang='grc'><strong>,</strong></span> <span class='ocrx_word' id='word_1_389' title='bbox 140 1981 193 2016; x_wconf 66' lang='lat' dir='ltr'>HM</span> <span class='ocrx_word' id='word_1_390' title='bbox 209 1985 242 2009; x_wconf 83' lang='lat'>14</span> <span class='ocrx_word' id='word_1_391' title='bbox 261 1983 298 2009; x_wconf 80' lang='lat' dir='ltr'>ad</span> <span class='ocrx_word' id='word_1_392' title='bbox 316 1991 341 2009; x_wconf 84' lang='lat' dir='ltr'>v.</span> <span class='ocrx_word' id='word_1_393' title='bbox 360 1985 410 2008; x_wconf 81' lang='lat'>743</span> <span class='ocrx_word' id='word_1_394' title='bbox 429 1982 509 2008; x_wconf 90' lang='lat' dir='ltr'>Vnde</span> <span class='ocrx_word' id='word_1_395' title='bbox 529 1982 673 2008; x_wconf 87' lang='lat' dir='ltr'>hominum</span> <span class='ocrx_word' id='word_1_396' title='bbox 692 1983 791 2016; x_wconf 74' lang='lat' dir='ltr'>genus]</span> <span class='ocrx_word' id='word_1_397' title='bbox 812 1982 835 2008; x_wconf 90' lang='lat' dir='ltr'>si</span> <span class='ocrx_word' id='word_1_398' title='bbox 854 1982 980 2008; x_wconf 88' lang='lat' dir='ltr'>fabulam</span> <span class='ocrx_word' id='word_1_399' title='bbox 999 1981 1113 2015; x_wconf 84' lang='lat' dir='ltr'>respicis</span> <span class='ocrx_word' id='word_1_400' title='bbox 1136 2002 1141 2007; x_wconf 92' lang='lat'><strong>.</strong></span> <span class='ocrx_word' id='word_1_401' title='bbox 1163 2002 1167 2007; x_wconf 94' lang='lat'>.</span> <span class='ocrx_word' id='word_1_402' title='bbox 1190 2004 1194 2008; x_wconf 95' lang='lat'>.</span> <span class='ocrx_word' id='word_1_403' title='bbox 1215 1990 1279 2008; x_wconf 90' lang='lat' dir='ltr'>nam</span> <span class='ocrx_word' id='word_1_404' title='bbox 1300 1981 1423 2008; x_wconf 91' lang='lat' dir='ltr'>omnium</span> 
     </span>
     <span class='ocr_line' id='line_1_40' title="bbox 142 2017 1422 2052; baseline 0 -9"><span class='ocrx_word' id='word_1_405' title='bbox 142 2026 233 2044; x_wconf 80' lang='lat' dir='ltr'>rerum</span> <span class='ocrx_word' id='word_1_406' title='bbox 252 2018 369 2045; x_wconf 79' lang='lat' dir='ltr'>conlisio</span> <span class='ocrx_word' id='word_1_407' title='bbox 388 2017 484 2052; x_wconf 87' lang='lat' dir='ltr'>ignem</span> <span class='ocrx_word' id='word_1_408' title='bbox 503 2019 587 2044; x_wconf 84' lang='lat' dir='ltr'>creat.</span> <span class='ocrx_word' id='word_1_409' title='bbox 606 2018 632 2043; x_wconf 92' lang='lat' dir='ltr'><em>P</em></span> <span class='ocrx_word' id='word_1_410' title='bbox 644 2019 653 2051; x_wconf 80' lang='grc' dir='ltr'><strong>Η</strong></span> <span class='ocrx_word' id='word_1_411' title='bbox 667 2018 703 2043; x_wconf 82' lang='lat' dir='ltr'>ad</span> <span class='ocrx_word' id='word_1_412' title='bbox 717 2018 841 2044; x_wconf 85' lang='lat' dir='ltr'>fabulam</span> <span class='ocrx_word' id='word_1_413' title='bbox 857 2018 881 2043; x_wconf 90' lang='lat' dir='ltr'><em>L</em></span> <span class='ocrx_word' id='word_1_414' title='bbox 896 2019 905 2051; x_wconf 86' lang='grc' dir='ltr'>ΙΙ</span> <span class='ocrx_word' id='word_1_415' title='bbox 920 2017 1066 2051; x_wconf 78' lang='lat' dir='ltr'>respitiens</span> <span class='ocrx_word' id='word_1_416' title='bbox 1082 2018 1107 2042; x_wconf 90' lang='lat' dir='ltr'><em>L</em></span> <span class='ocrx_word' id='word_1_417' title='bbox 1133 2017 1247 2052; x_wconf 85' lang='lat' dir='ltr'>respicit</span> <span class='ocrx_word' id='word_1_418' title='bbox 1262 2018 1293 2043; x_wconf 89' lang='lat' dir='ltr'><em>H</em></span> <span class='ocrx_word' id='word_1_419' title='bbox 1305 2018 1314 2050; x_wconf 75' lang='grc' dir='ltr'>ΙΙ</span> <span class='ocrx_word' id='word_1_420' title='bbox 1330 2020 1361 2043; x_wconf 84' lang='lat'>15</span> <span class='ocrx_word' id='word_1_421' title='bbox 1378 2017 1422 2043; x_wconf 88' lang='lat' dir='ltr'>uel</span> 
     </span>
     <span class='ocr_line' id='line_1_41' title="bbox 141 2052 1424 2087; baseline -0.001 -7"><span class='ocrx_word' id='word_1_422' title='bbox 141 2053 244 2087; x_wconf 81' lang='lat' dir='ltr'>phyrra</span> <span class='ocrx_word' id='word_1_423' title='bbox 261 2054 287 2079; x_wconf 88' lang='lat' dir='ltr'><em>L</em></span> <span class='ocrx_word' id='word_1_424' title='bbox 316 2055 345 2080; x_wconf 91' lang='lat' dir='ltr'>et</span> <span class='ocrx_word' id='word_1_425' title='bbox 363 2053 467 2087; x_wconf 83' lang='lat' dir='ltr'>phyrra</span> <span class='ocrx_word' id='word_1_426' title='bbox 482 2054 514 2079; x_wconf 89' lang='lat' dir='ltr'>H</span> <span class='ocrx_word' id='word_1_427' title='bbox 519 2054 568 2079; x_wconf 82' lang='lat' dir='ltr'>Ml</span> <span class='ocrx_word' id='word_1_428' title='bbox 581 2055 590 2087; x_wconf 72' lang='grc'>11</span> <span class='ocrx_word' id='word_1_429' title='bbox 608 2057 638 2079; x_wconf 78' lang='grc'>16</span> <span class='ocrx_word' id='word_1_430' title='bbox 659 2053 732 2079; x_wconf 84' lang='lat' dir='ltr'>enim</span> <span class='ocrx_word' id='word_1_431' title='bbox 752 2061 801 2079; x_wconf 87' lang='lat' dir='ltr'>om.</span> <span class='ocrx_word' id='word_1_432' title='bbox 818 2053 886 2079; x_wconf 60' lang='lat'><strong><em>0⁷⁸1)</em></strong></span> <span class='ocrx_word' id='word_1_433' title='bbox 898 2054 907 2086; x_wconf 78' lang='grc' dir='ltr'>ΙΙ</span> <span class='ocrx_word' id='word_1_434' title='bbox 924 2056 954 2078; x_wconf 84' lang='grc'>17</span> <span class='ocrx_word' id='word_1_435' title='bbox 974 2061 1024 2086; x_wconf 88' lang='lat' dir='ltr'>pro</span> <span class='ocrx_word' id='word_1_436' title='bbox 1045 2052 1172 2079; x_wconf 87' lang='lat' dir='ltr'>omnibus</span> <span class='ocrx_word' id='word_1_437' title='bbox 1192 2052 1361 2079; x_wconf 86' lang='lat' dir='ltr'>animalibus</span> <span class='ocrx_word' id='word_1_438' title='bbox 1380 2053 1424 2079; x_wconf 83' lang='lat' dir='ltr'>uel</span> 
     </span>
     <span class='ocr_line' id='line_1_42' title="bbox 140 2088 1423 2122; baseline 0.001 -9"><span class='ocrx_word' id='word_1_439' title='bbox 140 2097 191 2122; x_wconf 88' lang='lat' dir='ltr'>pro</span> <span class='ocrx_word' id='word_1_440' title='bbox 210 2089 378 2116; x_wconf 73' lang='lat' dir='ltr'>animalibus</span> <span class='ocrx_word' id='word_1_441' title='bbox 398 2089 579 2116; x_wconf 76' lang='lat' dir='ltr'>Burmannus</span> <span class='ocrx_word' id='word_1_442' title='bbox 602 2090 611 2122; x_wconf 81' lang='grc' dir='ltr'>ΙΙ</span> <span class='ocrx_word' id='word_1_443' title='bbox 637 2092 667 2115; x_wconf 85' lang='grc'>19</span> <span class='ocrx_word' id='word_1_444' title='bbox 688 2088 759 2115; x_wconf 78' lang='lat' dir='ltr'>alita</span> <span class='ocrx_word' id='word_1_445' title='bbox 779 2089 853 2115; x_wconf 82' lang='lat' dir='ltr'>0*P</span> <span class='ocrx_word' id='word_1_446' title='bbox 874 2090 882 2122; x_wconf 83' lang='grc' dir='ltr'>ΙΙ</span> <span class='ocrx_word' id='word_1_447' title='bbox 906 2092 939 2114; x_wconf 74' lang='grc'>20</span> <span class='ocrx_word' id='word_1_448' title='bbox 959 2088 1086 2115; x_wconf 84' lang='lat' dir='ltr'>eleuatae</span> <span class='ocrx_word' id='word_1_449' title='bbox 1105 2088 1209 2115; x_wconf 86' lang='lat' dir='ltr'>fuerint</span> <span class='ocrx_word' id='word_1_450' title='bbox 1228 2088 1267 2115; x_wconf 85' lang='grc' dir='ltr'>Ο*</span> <span class='ocrx_word' id='word_1_451' title='bbox 1295 2088 1423 2114; x_wconf 78' lang='lat' dir='ltr'>eleuatac</span> 
     </span>
     <span class='ocr_line' id='line_1_43' title="bbox 140 2123 1399 2159; baseline -0.002 -8"><span class='ocrx_word' id='word_1_452' title='bbox 140 2124 226 2150; x_wconf 77' lang='lat' dir='ltr'>fuerit</span> <span class='ocrx_word' id='word_1_453' title='bbox 244 2124 272 2150; x_wconf 93' lang='lat' dir='ltr'><em>P</em></span> <span class='ocrx_word' id='word_1_454' title='bbox 290 2125 299 2158; x_wconf 90' lang='grc' dir='ltr'>ΙΙ</span> <span class='ocrx_word' id='word_1_455' title='bbox 323 2125 432 2151; x_wconf 80' lang='lat' dir='ltr'>solutae</span> <span class='ocrx_word' id='word_1_456' title='bbox 451 2125 518 2151; x_wconf 88' lang='grc' dir='ltr'>ΒΜ</span> <span class='ocrx_word' id='word_1_457' title='bbox 537 2126 547 2159; x_wconf 76' lang='grc' dir='ltr'>ΙΙ</span> <span class='ocrx_word' id='word_1_458' title='bbox 571 2128 602 2150; x_wconf 85' lang='grc'>21</span> <span class='ocrx_word' id='word_1_459' title='bbox 624 2124 757 2150; x_wconf 77' lang='lat' dir='ltr'>emittunt-</span> <span class='ocrx_word' id='word_1_460' title='bbox 778 2124 804 2149; x_wconf 82' lang='lat' dir='ltr'><strong><em>P</em></strong></span> <span class='ocrx_word' id='word_1_461' title='bbox 825 2125 834 2157; x_wconf 90' lang='grc' dir='ltr'>ΙΙ</span> <span class='ocrx_word' id='word_1_462' title='bbox 857 2124 894 2149; x_wconf 84' lang='lat' dir='ltr'>Et</span> <span class='ocrx_word' id='word_1_463' title='bbox 912 2123 990 2158; x_wconf 86' lang='lat' dir='ltr'>ignes</span> <span class='ocrx_word' id='word_1_464' title='bbox 1011 2123 1129 2158; x_wconf 79' lang='lat' dir='ltr'>scilicet]</span> <span class='ocrx_word' id='word_1_465' title='bbox 1155 2124 1235 2158; x_wconf 88' lang='lat' dir='ltr'>Ignes</span> <span class='ocrx_word' id='word_1_466' title='bbox 1255 2124 1349 2150; x_wconf 85' lang='lat' dir='ltr'>autem</span> <span class='ocrx_word' id='word_1_467' title='bbox 1372 2124 1399 2148; x_wconf 91' lang='lat' dir='ltr'><em>P</em></span> 
     </span>
     <span class='ocr_line' id='line_1_44' title="bbox 143 2159 1423 2195; baseline 0 -10"><span class='ocrx_word' id='word_1_468' title='bbox 143 2162 177 2185; x_wconf 83' lang='grc'>25</span> <span class='ocrx_word' id='word_1_469' title='bbox 196 2160 233 2186; x_wconf 84' lang='lat' dir='ltr'>acl</span> <span class='ocrx_word' id='word_1_470' title='bbox 251 2168 274 2187; x_wconf 83' lang='lat' dir='ltr'>v.</span> <span class='ocrx_word' id='word_1_471' title='bbox 296 2163 347 2187; x_wconf 80' lang='lat'>744</span> <span class='ocrx_word' id='word_1_472' title='bbox 366 2161 528 2195; x_wconf 80' lang='lat' dir='ltr'>Arcturum]</span> <span class='ocrx_word' id='word_1_473' title='bbox 556 2161 587 2186; x_wconf 86' lang='lat' dir='ltr'>ut</span> <span class='ocrx_word' id='word_1_474' title='bbox 605 2160 730 2186; x_wconf 77' lang='lat' dir='ltr'>fabulam</span> <span class='ocrx_word' id='word_1_475' title='bbox 748 2159 864 2185; x_wconf 82' lang='lat' dir='ltr'>tradunt</span> <span class='ocrx_word' id='word_1_476' title='bbox 887 2159 957 2186; x_wconf 85' lang='lat' dir='ltr'>haec</span> <span class='ocrx_word' id='word_1_477' title='bbox 981 2159 1035 2186; x_wconf 81' lang='lat' dir='ltr'>fuit</span> <span class='ocrx_word' id='word_1_478' title='bbox 1055 2159 1169 2186; x_wconf 76' lang='lat' dir='ltr'>Callisto</span> <span class='ocrx_word' id='word_1_479' title='bbox 1189 2159 1310 2193; x_wconf 78' lang='lat' dir='ltr'>(calisto)</span> <span class='ocrx_word' id='word_1_480' title='bbox 1331 2167 1423 2185; x_wconf 79' lang='lat' dir='ltr'>comes</span> 
     </span>
     <span class='ocr_line' id='line_1_45' title="bbox 142 2194 1423 2236; baseline 0 -16"><span class='ocrx_word' id='word_1_481' title='bbox 142 2194 248 2222; x_wconf 71' lang='lat' dir='ltr'>Dianae</span> <span class='ocrx_word' id='word_1_482' title='bbox 264 2196 507 2236; x_wconf 77' lang='lat' dir='ltr'>(deanae),quan1</span> <span class='ocrx_word' id='word_1_483' title='bbox 523 2196 648 2230; x_wconf 79' lang='lat' dir='ltr'>Iuppiter</span> <span class='ocrx_word' id='word_1_484' title='bbox 664 2196 788 2221; x_wconf 86' lang='lat' dir='ltr'>mutatus</span> <span class='ocrx_word' id='word_1_485' title='bbox 807 2195 835 2221; x_wconf 89' lang='lat' dir='ltr'>in</span> <span class='ocrx_word' id='word_1_486' title='bbox 850 2195 969 2221; x_wconf 83' lang='lat' dir='ltr'>Dianam</span> <span class='ocrx_word' id='word_1_487' title='bbox 984 2195 1123 2228; x_wconf 83' lang='lat' dir='ltr'>(deanam)</span> <span class='ocrx_word' id='word_1_488' title='bbox 1144 2194 1295 2229; x_wconf 80' lang='lat' dir='ltr'>stupravit,</span> <span class='ocrx_word' id='word_1_489' title='bbox 1315 2203 1348 2221; x_wconf 87' lang='lat' dir='ltr'>ex</span> <span class='ocrx_word' id='word_1_490' title='bbox 1369 2203 1423 2227; x_wconf 86' lang='lat' dir='ltr'>qua</span> 
     </span>
     <span class='ocr_line' id='line_1_46' title="bbox 143 2230 1422 2265; baseline -0.001 -9"><span class='ocrx_word' id='word_1_491' title='bbox 143 2230 225 2257; x_wconf 75' lang='lat' dir='ltr'>natus</span> <span class='ocrx_word' id='word_1_492' title='bbox 249 2231 292 2257; x_wconf 85' lang='lat' dir='ltr'>est</span> <span class='ocrx_word' id='word_1_493' title='bbox 314 2231 387 2258; x_wconf 89' lang='lat' dir='ltr'>filius</span> <span class='ocrx_word' id='word_1_494' title='bbox 411 2231 523 2258; x_wconf 85' lang='lat' dir='ltr'>nomine</span> <span class='ocrx_word' id='word_1_495' title='bbox 543 2232 630 2257; x_wconf 85' lang='lat' dir='ltr'>Arcas</span> <span class='ocrx_word' id='word_1_496' title='bbox 654 2232 683 2257; x_wconf 81' lang='lat' dir='ltr'>et</span> <span class='ocrx_word' id='word_1_497' title='bbox 705 2230 820 2264; x_wconf 89' lang='lat' dir='ltr'>reliqua.</span> <span class='ocrx_word' id='word_1_498' title='bbox 857 2230 1026 2264; x_wconf 79' lang='lat' dir='ltr'>Pluuiasque</span> <span class='ocrx_word' id='word_1_499' title='bbox 1051 2230 1169 2265; x_wconf 81' lang='lat' dir='ltr'>hyadas]</span> <span class='ocrx_word' id='word_1_500' title='bbox 1195 2230 1298 2263; x_wconf 85' lang='lat' dir='ltr'>hyades</span> <span class='ocrx_word' id='word_1_501' title='bbox 1324 2230 1422 2256; x_wconf 83' lang='lat' dir='ltr'>stellae</span> 
     </span>
     <span class='ocr_line' id='line_1_47' title="bbox 144 2265 1422 2301; baseline -0.001 -10"><span class='ocrx_word' id='word_1_502' title='bbox 144 2267 233 2292; x_wconf 77' lang='lat' dir='ltr'>sunt.</span> <span class='ocrx_word' id='word_1_503' title='bbox 272 2288 277 2293; x_wconf 92' lang='lat'>.</span> <span class='ocrx_word' id='word_1_504' title='bbox 298 2267 338 2293; x_wconf 81' lang='lat' dir='ltr'>sic</span> <span class='ocrx_word' id='word_1_505' title='bbox 357 2275 423 2301; x_wconf 85' lang='lat' dir='ltr'>ergo</span> <span class='ocrx_word' id='word_1_506' title='bbox 442 2267 483 2293; x_wconf 85' lang='lat' dir='ltr'>ait</span> <span class='ocrx_word' id='word_1_507' title='bbox 502 2267 666 2301; x_wconf 82' lang='lat' dir='ltr'>pluuiasque</span> <span class='ocrx_word' id='word_1_508' title='bbox 686 2266 800 2299; x_wconf 84' lang='lat' dir='ltr'>hy.adas</span> <span class='ocrx_word' id='word_1_509' title='bbox 836 2266 884 2292; x_wconf 88' lang='lat' dir='ltr'>alii</span> <span class='ocrx_word' id='word_1_510' title='bbox 904 2266 1010 2300; x_wconf 89' lang='lat' dir='ltr'>hyadas</span> <span class='ocrx_word' id='word_1_511' title='bbox 1030 2267 1101 2300; x_wconf 83' lang='lat' dir='ltr'>aby</span> <span class='ocrx_word' id='word_1_512' title='bbox 1120 2266 1216 2292; x_wconf 84' lang='lat' dir='ltr'>littera</span> <span class='ocrx_word' id='word_1_513' title='bbox 1235 2266 1338 2291; x_wconf 89' lang='lat' dir='ltr'>dicunt</span> <span class='ocrx_word' id='word_1_514' title='bbox 1372 2265 1422 2290; x_wconf 80' lang='lat' dir='ltr'>has</span> 
     </span>
     <span class='ocr_line' id='line_1_48' title="bbox 143 2285 1420 2336; baseline -0.002 -9"><span class='ocrx_word' id='word_1_515' title='bbox 143 2285 257 2333; x_wconf 73' lang='lat' dir='ltr'>quidani</span> <span class='ocrx_word' id='word_1_516' title='bbox 281 2302 408 2336; x_wconf 74' lang='lat' dir='ltr'>uirgilias</span> <span class='ocrx_word' id='word_1_517' title='bbox 427 2323 432 2328; x_wconf 95' lang='lat'>.</span> <span class='ocrx_word' id='word_1_518' title='bbox 454 2302 581 2329; x_wconf 86' lang='lat' dir='ltr'>..filiae</span> <span class='ocrx_word' id='word_1_519' title='bbox 600 2301 881 2335; x_wconf 72' lang='lat' dir='ltr'>At1antis.quidam</span> <span class='ocrx_word' id='word_1_520' title='bbox 900 2301 1011 2335; x_wconf 85' lang='lat' dir='ltr'>Hyades</span> <span class='ocrx_word' id='word_1_521' title='bbox 1035 2302 1070 2328; x_wconf 88' lang='lat' dir='ltr'>ab</span> <span class='ocrx_word' id='word_1_522' title='bbox 1090 2301 1201 2335; x_wconf 84' lang='lat' dir='ltr'>Hyante</span> <span class='ocrx_word' id='word_1_523' title='bbox 1221 2301 1316 2334; x_wconf 83' lang='lat' dir='ltr'>(iante)</span> <span class='ocrx_word' id='word_1_524' title='bbox 1336 2300 1420 2326; x_wconf 76' lang='lat' dir='ltr'>fratre</span> 
     </span>
     <span class='ocr_line' id='line_1_49' title="bbox 171 2335 1422 2371; baseline -0.002 -8"><span class='ocrx_word' id='word_1_525' title='bbox 171 2356 177 2362; x_wconf 89' lang='lat'>.</span> <span class='ocrx_word' id='word_1_526' title='bbox 197 2357 203 2363; x_wconf 93' lang='lat'>.</span> <span class='ocrx_word' id='word_1_527' title='bbox 222 2337 448 2370; x_wconf 79' lang='lat' dir='ltr'>septemtriones·</span> <span class='ocrx_word' id='word_1_528' title='bbox 467 2347 523 2364; x_wconf 91' lang='lat' dir='ltr'>non</span> <span class='ocrx_word' id='word_1_529' title='bbox 542 2338 615 2364; x_wconf 90' lang='lat' dir='ltr'>enim</span> <span class='ocrx_word' id='word_1_530' title='bbox 636 2360 641 2365; x_wconf 85' lang='lat'>.</span> <span class='ocrx_word' id='word_1_531' title='bbox 658 2359 663 2365; x_wconf 97' lang='lat'>.</span> <span class='ocrx_word' id='word_1_532' title='bbox 681 2337 740 2364; x_wconf 86' lang='lat' dir='ltr'>.de</span> <span class='ocrx_word' id='word_1_533' title='bbox 760 2337 899 2371; x_wconf 86' lang='lat' dir='ltr'>pluribus</span> <span class='ocrx_word' id='word_1_534' title='bbox 918 2337 947 2363; x_wconf 86' lang='lat' dir='ltr'>id</span> <span class='ocrx_word' id='word_1_535' title='bbox 967 2338 1009 2363; x_wconf 89' lang='lat' dir='ltr'>est</span> <span class='ocrx_word' id='word_1_536' title='bbox 1027 2337 1143 2363; x_wconf 87' lang='lat' dir='ltr'>Helicen</span> <span class='ocrx_word' id='word_1_537' title='bbox 1162 2336 1266 2370; x_wconf 84' lang='lat' dir='ltr'>(ilicen)</span> <span class='ocrx_word' id='word_1_538' title='bbox 1286 2337 1314 2362; x_wconf 86' lang='lat' dir='ltr'>et</span> <span class='ocrx_word' id='word_1_539' title='bbox 1333 2335 1422 2368; x_wconf 87' lang='lat' dir='ltr'>Cyno-</span> 
     </span>
     <span class='ocr_line' id='line_1_50' title="bbox 143 2347 1130 2408; baseline 0.001 -11"><span class='ocrx_word' id='word_1_540' title='bbox 143 2380 235 2398; x_wconf 74' lang='lat' dir='ltr'>suram</span> <span class='ocrx_word' id='word_1_541' title='bbox 253 2372 472 2407; x_wconf 78' lang='lat' dir='ltr'>(cinoseturam.⁷</span> <span class='ocrx_word' id='word_1_542' title='bbox 492 2375 520 2400; x_wconf 81' lang='lat' dir='ltr'>et</span> <span class='ocrx_word' id='word_1_543' title='bbox 538 2373 649 2408; x_wconf 82' lang='lat' dir='ltr'>proprie</span> <span class='ocrx_word' id='word_1_544' title='bbox 670 2395 675 2399; x_wconf 94' lang='lat'>.</span> <span class='ocrx_word' id='word_1_545' title='bbox 697 2394 702 2399; x_wconf 88' lang='lat'>.</span> <span class='ocrx_word' id='word_1_546' title='bbox 724 2394 729 2399; x_wconf 89' lang='lat'><strong>.</strong></span> <span class='ocrx_word' id='word_1_547' title='bbox 749 2382 766 2399; x_wconf 86' lang='lat' dir='ltr'>a</span> <span class='ocrx_word' id='word_1_548' title='bbox 760 2347 924 2399; x_wconf 84' lang='lat' dir='ltr'>pnonnullis</span> <span class='ocrx_word' id='word_1_549' title='bbox 943 2373 1079 2398; x_wconf 79' lang='lat' dir='ltr'>dicuntur.</span> <span class='ocrx_word' id='word_1_550' title='bbox 1103 2372 1130 2398; x_wconf 96' lang='grc'>1</span> 
     </span>
    </p>
   </div>
   <div class='ocr_carea' id='block_1_10' title="bbox 1445 448 1455 462">
    <p class='ocr_par' dir='ltr' id='par_1_13' title="bbox 1445 448 1455 462">
     <span class='ocr_line' id='line_1_51' title="bbox 1445 448 1455 462; baseline 0 -9"><span class='ocrx_word' id='word_1_551' title='bbox 1445 448 1455 462; x_wconf 79' lang='lat' dir='ltr'>r</span> 
     </span>
    </p>
   </div>
   <div class='ocr_carea' id='block_1_11' title="bbox 1445 715 1478 738">
    <p class='ocr_par' dir='ltr' id='par_1_14' title="bbox 1445 715 1478 738">
     <span class='ocr_line' id='line_1_52' title="bbox 1445 715 1478 738; baseline 0.03 -1"><span class='ocrx_word' id='word_1_552' title='bbox 1445 715 1478 738; x_wconf 86' lang='lat'>10</span> 
     </span>
    </p>
   </div>
   <div class='ocr_carea' id='block_1_12' title="bbox 1447 982 1477 1005">
    <p class='ocr_par' dir='ltr' id='par_1_15' title="bbox 1447 982 1477 1005">
     <span class='ocr_line' id='line_1_53' title="bbox 1447 982 1477 1005; baseline 0 0"><span class='ocrx_word' id='word_1_553' title='bbox 1447 982 1477 1005; x_wconf 78' lang='lat'>15</span> 
     </span>
    </p>
   </div>
   <div class='ocr_carea' id='block_1_13' title="bbox 1443 1249 1477 1272">
    <p class='ocr_par' dir='ltr' id='par_1_16' title="bbox 1443 1249 1477 1272">
     <span class='ocr_line' id='line_1_54' title="bbox 1443 1249 1477 1272; baseline 0 0"><span class='ocrx_word' id='word_1_554' title='bbox 1443 1249 1477 1272; x_wconf 82' lang='lat'>20</span> 
     </span>
    </p>
   </div>
  </div>
 </body>
</html>
