1722 2670
530 134 644 163 COMM.
663 135 703 162 IN
722 135 830 163 VERG.
850 136 932 164 AEN.
952 137 999 164 Ill.
1021 141 1099 166 1—3.
1386 138 1451 170 333

166 226 228 257 pro
257 217 399 249 universo
428 219 512 249 statu
541 217 645 256 Asiae.
689 217 771 249 bene
807 219 915 249 autem
946 227 1061 260 ASIAE,
1095 219 1188 261 quasi
1219 220 1335 252 tertiae
1366 221 1454 253 orbis

172 270 290 311 partis:
313 282 390 302 nam
412 270 560 312 Phrygia
582 270 615 301 in
641 270 720 302 Asia
744 273 808 312 est,
831 271 928 303 Ilium
952 272 987 302 in
1009 272 1169 314 Phrygia,
1193 273 1248 304 sed
1273 274 1407 306 minore.

174 332 369 362 PRIAMIQVE
398 332 580 355 EVERTERE
609 332 751 355 GENTEM
779 335 845 356 non
876 327 926 356 est
953 325 1099 367 iterati03
1129 337 1204 357 nam
1235 327 1344 367 potuit
1368 327 1455 359 aliud

174 376 244 408 sine
275 377 340 408 alio
371 377 455 418 fieri,
483 378 520 408 ut
554 377 605 408 vel
633 377 777 419 Phrygia
805 380 878 410 tota
906 381 1118 420 everteretur,
1145 379 1196 410 vel
1225 380 1331 411 solum
1359 380 1455 412 Ilium

168 431 305 470 perisset.

261 484 290 515 2.
333 492 478 515 GENTEM
506 493 706 516 INMERITAM
734 485 816 517 bene
846 485 1022 526 ‘gentem't
1060 497 1136 518 nam
1166 486 1395 518 Laomedontis
1423 489 1456 518 et

173 536 300 568 Paridis
329 536 424 578 culpa
452 537 603 569 universa
632 548 710 579 gens
739 538 844 579 perire
873 549 939 570 non
968 539 1088 571 debuit.
1178 549 1284 572 VISVM
1317 548 1456 572 SVPERIS

172 591 208 621 ut
228 590 293 630 ipse
315 590 374 631 ait,
398 590 579 631 Neptunum
602 591 755 623 Iunmwm
778 592 957 623 Minervam
979 593 1090 624 vidisse
1112 603 1143 624 se
1165 603 1313 625 eversores
1338 593 1456 624 Troiae.

172 639 244 675 lau's
267 642 321 674 Ilii
343 645 399 684 est,
424 644 509 684 quod
533 655 599 675 non
622 644 686 676 nisi
711 644 756 676 dii
777 647 912 686 potuere
937 645 1132 678 subvertere.
1169 647 1456 688 quotienscumque

173 697 282 727 autem
313 697 397 728 ratio
426 697 472 728 vel
494 698 645 729 iudicium
668 709 733 729 non
757 700 905 739 apparet,
934 698 996 730 ‘sic
1019 699 1141 731 visum'
1165 700 1398 741 interponitur,
1421 701 1456 730 ut

173 748 330 781 Horatius
354 750 419 785 ,sic
452 750 575 782 visum
608 749 766 792 Veneri,
799 762 871 782 cum
905 762 1049 783 amorem
1078 752 1263 784 ostenderet
1292 763 1357 784 non
1387 764 1456 784 esse

146 806 148 808 '
172 803 435 844 pulchritudinis.
472 806 505 835 et
529 804 610 835 bene
630 804 793 835 accusatio
818 804 852 835 in
872 804 950 836 deos
972 805 1070 837 habet
1094 806 1265 851 quandam·
1280 806 1456 838 veneratio-

171 867 260 898 nem;
284 856 427 898 alioquin
451 857 659 899 sacrilegium
683 860 741 889 est.

263 910 294 941 3.
336 919 519 942 SVPERBVM
548 920 648 943 ILIVM
676 911 795 943 nobile.
843 911 971 943 ‘Ilium’
1005 914 1112 944 autem
1141 913 1307 955 Vergilius
1340 915 1456 945 neutro

173 965 302 995 tantum
330 974 447 1005 genere
476 964 630 1005 declinat,
658 963 815 995 Horatius
845 965 943 996 etiam
971 965 1140 1007 feminino,
1172 969 1208 998 ut
1235 978 1310 999 non
1338 968 1455 999 semel

174 1016 273 1048 Ilios
302 1020 450 1049 vexata.
488 1028 565 1049 sane
593 1018 688 1049 modo
721 1017 848 1049 ‘Ilium'
877 1019 1007 1059 proprie
1036 1019 1074 1050 de
1105 1020 1238 1052 civitate
1262 1021 1357 1062 dixit,
1380 1032 1456 1052 nam

176 1071 266 1112 regio
291 1070 421 1102 ‘Troia'
446 1073 510 1102 est:
535 1071 683 1112 quamvis
706 1071 868 1103 interdum
891 1083 951 1112 pro
976 1072 1106 1104 civitate
1124 1073 1323 1114 provinciam
1346 1076 1457 1115 ponat,

174 1126 211 1156 ut
234 1123 319 1165 <11>
348 1127 386 1156 et
414 1135 567 1165 campos
597 1125 664 1156 ubi
691 1124 807 1156 Troia
835 1125 919 1156 fuit.
1009 1135 1108 1158 vao
1137 1135 1255 1158 FVMAT
1281 1136 1456 1159 NEPTVNIA

174 1186 282 1210 'rRolA
311 1177 443 1210 ‘humo’
473 1178 513 1210 ab
541 1178 656 1220 humo,
685 1179 719 1210 id
740 1181 784 1210 est
802 1178 959 1220 funditus,
986 1181 1023 1210 ut
1047 1179 1209 1220 significet
1232 1180 1356 1221 patriae
1380 1191 1456 1211 suae

174 1231 279 1263 solum
308 1242 435 1273 quoque
464 1232 592 1264 arsisse.
633 1243 710 1263 sane
740 1232 917 1273 quaeritur,
946 1243 1008 1274 quo
1037 1232 1133 1264 modo
1162 1233 1281 1265 dixerit
1309 1233 1455 1265 ‘cecidit’

174 1286 208 1316 et
237 1284 382 1317 ‘fumat'.
421 1285 477 1317 sed
506 1288 562 1316 aut
591 1296 649 1326 per
678 1285 844 1317 licentiam
872 1286 1032 1326 poeticam
1061 1289 1190 1327 tempus
1217 1298 1276 1327 pro
1310 1289 1456 1328 tempore

174 1338 297 1380 posuit,
325 1340 362 1369 ut
389 1338 442 1377 <II
470 1339 531 1378 12>
560 1339 785 1370 meminisse
814 1339 950 1371 horret
983 1339 1169 1381 luet-uque
1202 1340 1362 1382 refugit:
1401 1343 1456 1372 aut

174 1393 261 1423 certe
284 1393 436 1423 naturam
463 1403 571 1424 rerum
591 1392 763 1433 expressit3
786 1403 862 1424 nam
886 1393 980 1424 ruina
1003 1393 1037 1424 in
1060 1393 1151 1425 brevi
1175 1394 1224 1434 fit,
1247 1393 1355 1425 fumus
1380 1405 1455 1425 vero

174 1444 275 1486 longo
304 1447 475 1486 permanet
503 1447 656 1486 tempore.
693 1457 770 1477 nam
799 1446 884 1487 quod
912 1446 958 1477 ait
981 1446 1122 1488 Probus,
1147 1446 1187 1478 ad
1212 1447 1455 1478 discernendum

174 1500 303 1539 tempus
314 1498 627 1530 circumflectendam
642 1498 793 1530 ultimam
804 1499 975 1540 syllabam,
990 1501 1027 1531 ut
1042 1500 1270 1541 intellegamus
1286 1500 1455 1542 ‘fumavit’,

174 1561 240 1582 non
258 1552 414 1593 procedit,
434 1552 510 1593 quia
530 1551 636 1593 ‘pone'
656 1554 783 1583 tantum
801 1553 961 1592 [verbum]
981 1553 1016 1584 in
1035 1553 1152 1585 ultima
1166 1553 1266 1585 habet
1281 1557 1457 1595 accentum,

249 1643 279 1665 11
300 1639 446 1674 Horatius]
467 1648 542 1666 carm
562 1640 574 1665 I
594 1643 637 1673 33,
658 1643 690 1666 10
709 1641 718 1674 ΙΙ
735 1643 765 1666 15
786 1640 931 1675 Horatius]
952 1649 1035 1667 carm.
1056 1641 1094 1667 IV
1115 1644 1139 1674 9,
1161 1643 1191 1667 18
1206 1642 1215 1675 ΙΙ
1230 1644 1263 1667 24
1282 1641 1400 1676 Probus]
1421 1642 1455 1668 cf.

175 1674 306 1709 Steupius
324 1675 358 1701 de
378 1675 475 1702 Probis
494 1685 521 1709 p.
544 1678 593 1702 109
613 1684 652 1709 sq.
673 1676 707 1702 cf.
727 1676 798 1702 Don.
817 1676 853 1702 ad
872 1676 934 1703 Ter.
953 1677 1064 1711 adelph.
1086 1677 1123 1703 III
1142 1680 1167 1710 3,
1189 1680 1219 1703 11

247 1759 260 1782 1
282 1755 362 1789 quasi
380 1755 481 1782 tertiae
500 1764 549 1782 om.
571 1755 606 1782 F.
620 1757 630 1790 1]
644 1759 660 1782 2
681 1756 731 1782 sed
749 1764 799 1783 om.
818 1756 891 1782 FM
902 1757 911 1790 ΙΙ
926 1759 942 1782 4
961 1757 1116 1783 uerteretur
1135 1756 1165 1782 F
1177 1757 1186 1790 ΙΙ
1206 1760 1220 1783 7
1240 1767 1321 1783 v1svu
1340 1756 1454 1791 placuit.

175 1800 282 1818 svrzms
297 1792 378 1818 Lion.
397 1799 485 1825 supra
504 1791 620 1825 Veryilii
634 1792 715 1818 verba
729 1791 820 1818 visum
835 1792 942 1826 superis
957 1793 1060 1826 scripta
1078 1795 1144 1818 sunt
1157 1792 1264 1826 placuit
1278 1792 1319 1819 dis
1339 1794 1370 1819 ut
1383 1793 1456 1819 troia

175 1827 384 1854 subuerteretur
402 1828 433 1853 in
455 1827 500 1861 ΤΙΙ
517 1830 548 1853 10
567 1828 599 1853 ut
618 1827 750 1853 Horatius
771 1848 776 1853 .
793 1848 798 1853 .
815 1848 821 1853 .
842 1827 1019 1862 sacrilegium
1039 1828 1082 1854 est
1100 1836 1150 1855 om.
1161 1827 1200 1854 <F
1212 1829 1221 1862 ss
1237 1831 1268 1854 12
1288 1828 1412 1861 aliquam
1430 1829 1456 1854 L

176 1863 328 1896 (quandam
339 1863 359 1897 l)
373 1864 382 1897 ΙΙ
398 1866 429 1888 13
442 1862 566 1896 alioquid
577 1863 610 1888 H
621 1863 630 1895 11
646 1866 679 1889 14
690 1873 825 1889 εν1·111111ν11
835 1863 936 1890 nobile.
961 1873 1036 1890 imvm
1051 1863 1132 1889 Ilium
1141 1865 1235 1890 autem
1250 1864 1279 1890 F
1291 1865 1300 1898 ΙΙ
1317 1867 1348 1889 15
1357 1864 1455 1898 etiam]

177 1899 271 1925 autem
285 1898 318 1924 H
329 1899 338 1932 ΙΙ
354 1902 386 1924 16
406 1898 468 1925 ilios
488 1906 521 1924 ex
540 1898 611 1924 alios
626 1899 650 1924 L
664 1899 674 1931 l]
690 1902 721 1924 17
741 1898 822 1932 ponit
836 1899 862 1924 L
879 1900 985 1932 ponant
1004 1900 1013 1925 l
1026 1900 1036 1932 l]
1051 1901 1083 1925 18
1103 1899 1144 1925 fui
1158 1899 1188 1925 F
1199 1900 1209 1933 ll
1222 1909 1296 1926 nvmo
1312 1921 1317 1926 .
1334 1920 1340 1925 .
1358 1921 1363 1926 .
1378 1909 1456 1925 1110111

175 1941 226 1959 om.
246 1934 275 1959 F
291 1935 300 1968 ΙΙ
321 1937 352 1960 19
372 1934 408 1960 ab
427 1934 512 1960 humo
532 1934 576 1968 ut]
597 1934 632 1960 ab
651 1934 750 1960 humus
770 1942 862 1961 omani
882 1934 915 1960 H
930 1935 939 1968 ss
957 1934 1082 1961 funditus
1100 1935 1162 1961 hab.
1184 1935 1209 1960 T
1221 1935 1230 1968 ΙΙ
1248 1935 1386 1969 significat
1404 1935 1430 1961 L
1448 1936 1456 1969 Η

176 1972 210 1995 20
230 1969 337 1996 arsisse.
370 1980 458 1996 avum·
478 1978 544 1996 sane
564 1969 594 1995 F
610 1970 666 2003 1122
686 1971 718 1995 ut
737 1990 742 1995 .
764 1991 769 1996 .
791 1990 796 1995 .
815 1969 920 2003 refugit
938 1978 987 1996 om.
1007 1970 1038 1996 F
1049 1971 1058 2004 l]
1072 1970 1218 2004 luctusque
1238 1971 1270 1996 H
1281 1971 1290 2004 ΙΙ
1305 1973 1337 1997 23
1357 1970 1386 1996 in
1405 1979 1455 1998 om.

176 2004 283 2030 FME
300 2006 309 2039 ΙΙ
328 2005 360 2031 fit
377 2005 455 2031 brevi
475 2005 504 2030 F
520 2007 529 2039 ΙΙ
548 2008 582 2031 24
600 2006 739 2040 tempore]
759 2006 809 2031 aut
828 2006 915 2039 certe,
939 2005 1013 2039 quod
1032 2006 1132 2032 melius
1151 2009 1206 2039 est,
1230 2006 1321 2032 fumat
1340 2014 1394 2032 non
1414 2007 1457 2033 est

176 2048 308 2073 praeseus
331 2042 454 2075 tempus,
479 2041 528 2067 sed
546 2042 729 2075 praeteritum
754 2049 804 2075 per
823 2041 965 2074 sincopam
989 2042 1129 2075 prolatum
1148 2050 1198 2076 pro
1218 2042 1344 2068 fumauit.
1382 2042 1456 2075 quod

176 2075 252 2109 apud
274 2075 377 2102 latinos
399 2085 455 2103 non
479 2076 570 2103 solum
593 2077 621 2102 in
645 2076 767 2103 secunda
790 2076 925 2110 singulari
949 2078 977 2103 et
999 2077 1102 2111 plurali
1121 2077 1261 2111 tertiaque
1280 2077 1383 2111 plurali
1402 2077 1456 2103 sin-

177 2119 276 2145 copam
294 2112 413 2145 patitur,
436 2113 468 2138 ut
485 2112 600 2138 fumasti
618 2121 668 2146 pro
687 2111 832 2138 fumauisti
851 2113 879 2138 et
901 2112 1029 2138 fumastis
1048 2121 1098 2146 pro
1122 2113 1293 2147 fumauistis,
1313 2113 1457 2139 fumarunt

176 2155 226 2180 pro
244 2146 431 2182 sumauemnt,
450 2148 498 2174 sed
513 2147 599 2174 etiam
615 2149 657 2174 est
675 2147 785 2181 quando
801 2147 829 2173 in
843 2147 929 2174 tertia
947 2148 1092 2182 singulari,
1110 2151 1143 2175 ut
1161 2149 1251 2175 fumat
1264 2158 1314 2183 pro
1328 2148 1456 2175 fumauit.

178 2182 252 2215 quod
268 2191 331 2209 cum
347 2183 384 2209 sit
399 2185 529 2210 accentus
544 2184 715 2217 penultimae
734 2183 762 2209 in
778 2183 879 2209 ultima
893 2184 957 2210 add.
977 2184 1019 2216 E,
1037 2185 1174 2218 expunxit
1193 2193 1206 2211 e
1219 2186 1229 2218 ΙῙ
1242 2193 1307 2210 nam
1327 2184 1419 2218 quod.
1433 2205 1455 2210 ..

177 2219 251 2244 retro
270 2226 320 2245 om.
345 2219 374 2244 F
390 2219 400 2252 l]
418 2222 452 2246 26
471 2219 610 2253 procedit:
635 2219 762 2253 quamvis
786 2219 918 2245 accentus
941 2219 1114 2247 differentiae
1134 2229 1218 2247 causa
1241 2220 1402 2252 adhibetur,
1426 2221 1457 2245 ut

179 2253 187 2265 ‘
195 2254 285 2287 pone)
303 2254 419 2281 verbum
433 2255 541 2281 nullum
557 2255 811 2288 habetaccentum.
845 2263 917 2288 pone
931 2255 1026 2282 tamen
1039 2254 1068 2281 in
1083 2256 1183 2282 ultima
1198 2256 1285 2282 habet
1302 2256 1456 2287 accentum,

178 2291 210 2315 ut
227 2289 365 2322 significet
382 2291 464 2317 retro.
484 2290 635 2317 Fabricius
648 2292 658 2325 ss
680 2290 746 2324 quia.
766 2310 771 2316 .
792 2310 797 2316 .
819 2312 824 2317 .
844 2290 972 2325 verbum]
992 2299 1064 2325 pone
1087 2293 1183 2318 tamen
1206 2291 1366 2318 adverbium
1387 2291 1456 2317 coni.

177 2325 365 2352 Burmannus.
403 2326 438 2358 cf.
458 2326 493 2352 F.
510 2327 659 2353 Schoellius
678 2327 710 2352 de
729 2334 782 2352 acc.
803 2326 819 2352 l.
836 2326 852 2352 l.
870 2335 898 2359 p.
915 2329 948 2352 63
969 2327 1039 2353 adn:
1055 2328 1064 2362 [Ι
1088 2327 1116 2353 in
1136 2327 1237 2353 ultima.
1255 2327 1341 2353 habet
1360 2334 1456 2353 accen-

176 2361 248 2394 tum]
270 2360 319 2387 (lat
337 2362 483 2387 accentum
502 2362 618 2389 ultimae
638 2362 762 2396 syllabae
784 2362 854 2387 ME

602 2461 648 2605 s

1478 710 1509 733 10

1478 978 1508 1001 15

1475 1243 1509 1267 20

1475 1510 1509 1534 25
