1630 2684
462 174 575 202 COMM.
595 175 636 202 IN
654 173 761 202 VERG.
782 174 866 201 AEN.
886 175 919 202 ΙΙ.
942 178 1088 203 108—116.
1350 176 1413 207 237

224 256 295 289 115.
331 264 457 288 ADY'HS
481 256 614 298 adytum
637 258 687 288 est
710 256 801 288 locus
822 256 940 298 templi
959 257 1126 299 secretior,
1151 258 1190 289 ad
1215 269 1310 300 quem
1333 258 1415 290 nulli

133 311 182 341 est
215 309 322 342 aditus
353 309 417 341 nisi
449 310 617 342 sacerdoti.
714 318 854 342 'rmsmA
886 318 996 341 mc'rA
1028 319 1209 343 REPORTAT
1241 311 1417 343 renuntiat.

132 374 221 396 more
245 374 303 395 suo
327 363 470 395 breviter
491 363 641 395 habitum
664 363 793 396 futurae
817 363 976 395 orationis
1000 364 1151 395 ostendit.

223 417 293 449 116.
331 425 507 449 snnevmn
531 425 716 449 PnAcss'ms
736 425 872 449 visuros
895 425 938 448 ET
959 425 1103 449 vmcmn
1123 425 1232 449 CAESA
1252 426 1322 450 cvm
1345 427 1416 449 Pni-

131 478 209 503 MVM
231 469 284 502 hic
307 470 572 513 distinguendum
596 472 659 512 est,
692 470 768 512 quia
796 472 829 502 et
853 470 951 502 semel
981 470 1021 501 ad
1045 470 1176 502 Troiam
1201 473 1334 502 ventum
1359 473 1416 513 est,

132 525 165 555 et
202 526 278 555 ante
312 535 408 566 quam
446 524 486 555 ad
523 535 595 556 eam
635 524 798 556 veniretur
835 524 874 555 de
906 524 1078 566 Iphigenia
1110 527 1159 556 est
1192 525 1416 556 sacrificatum.

130 576 221 609 cuius
240 577 353 609 fabula
366 578 443 610 talis
459 580 517 610 est.
546 589 618 610 cum
633 577 748 610 Graeci
769 577 809 609 ad
825 577 976 609 Aulidem
995 577 1175 619 venissent,
1190 577 1416 619 Agamemnon

130 630 254 663 Dianae
283 642 410 663 cervam
434 642 502 663 eum
525 626 654 663 venatur
677 631 794 663 occidit
818 631 963 673 ignarus.
1005 631 1088 662 unde
1118 631 1179 662 dea
1206 631 1292 663 irata
1320 631 1417 663 flatus

131 685 316 726 ventorum,
339 685 394 725 qui
412 686 455 717 ad
474 685 602 717 Troia-m
620 684 953 726 ducebansssemovit.
996 695 1094 726 quam
1113 684 1155 716 ob
1175 695 1243 716 rem
1264 695 1336 716 cum
1359 696 1418 716 nec

129 738 286 780 navigare
309 740 456 779 possent,
480 740 513 770 et
535 738 758 779 pestilentiam
782 738 993 779 sustinerent,
1017 738 1166 769 consulta
1186 748 1243 778 per
1267 737 1416 770 Calchan-

131 793 190 822 tem
209 791 340 823 oracula
359 791 522 833 dixerunt,
546 791 806 833 Agamemnonio
826 792 998 834 sanguine,
1021 791 1076 823 hoc
1094 793 1138 823 est
1155 791 1318 823 immolata
1331 792 1417 832 Iphi-

128 845 222 885 qenia
244 844 385 876 Dianam
409 855 479 877 esse
503 845 704 886 placandam.
752 855 829 887 ergo
859 856 932 877 cum
960 845 1001 876 ab
1025 844 1122 876 Ulixe
1147 855 1204 886 per
1227 845 1416 886 nuptiarum

122 897 389 939 simulationem,
421 901 476 939 qni
507 898 702 939 Iphigeniam
734 898 853 930 Achilli
884 899 1071 939 iunyendam
1102 898 1247 939 finqebat,
1280 899 1418 930 adducta

131 950 304 993 Iphigenia
326 951 360 983 in
384 963 421 983 eo
447 954 532 984 esset
556 954 593 983 ut
616 952 855 993 immolaretur,
882 951 1025 983 numinis
1055 951 1264 983 miseratione
1289 952 1417 984 sublata

132 1006 182 1036 est
213 1016 371 1047 cervaque
403 1005 589 1047 subposita,
622 1007 654 1037 et
686 1005 849 1037 translata
882 1005 921 1037 ad
951 1005 1121 1037 Tauricam
1150 1005 1316 1046 regionem
1347 1006 1416 1047 regi

132 1057 272 1090 Thoanti
296 1058 416 1090 tradita
441 1060 490 1090 est
517 1058 730 1100 sacerdosque
754 1058 842 1090 facta
860 1058 1043 1099 Dictynnae
1063 1057 1202 1100 Dianae,
1224 1058 1270 1090 vel
1292 1061 1328 1090 ut
1349 1059 1416 1098 qui-

83 1119 90 1125 ·
131 1112 204 1143 dam
227 1112 334 1144 volunt
353 1111 481 1143 Orthiae
499 1111 635 1143 Dianae.
666 1122 744 1152 quae
768 1123 840 1143 cum
865 1111 1040 1143 secundum
1064 1113 1222 1143 statutam
1247 1114 1416 1143 consuetu-

132 1165 241 1197 dinem
264 1165 406 1198 humano
432 1165 589 1207 sanguine
613 1176 732 1196 numen
760 1165 918 1206 placaret,
949 1165 1084 1206 agnovit
1111 1164 1247 1196 fratrem
1272 1164 1416 1206 Oresten,

132 1218 189 1260 qui
213 1221 344 1261 accepto
365 1219 495 1251 oraculo
515 1218 645 1250 carendi
664 1218 784 1250 furoris
804 1229 901 1250 causa
920 1229 992 1250 cum
1013 1217 1117 1249 amico
1133 1217 1268 1259 Pylade,
1292 1229 1312 1249 a
1330 1219 1417 1250 ezoius

125 1274 232 1314 patre,
261 1272 374 1313 Strofz'o
397 1273 531 1310 nomine,
558 1272 664 1311 fuerat
685 1272 833 1312 nutritus,
857 1270 996 1303 Colchos
1021 1271 1174 1312 petierat,
1203 1273 1236 1303 et
1264 1282 1336 1303 cum
1364 1271 1415 1303 his

132 1326 236 1358 occiso
265 1326 427 1367 Thoante,
461 1325 669 1357 simulacrum
699 1325 833 1357 sustulit
862 1324 1087 1356 absconditum
1120 1325 1206 1356 fasce
1236 1325 1424 1366 lignorum:-

132 1379 215 1411 unde
243 1381 276 1411 et
302 1369 459 1411 Facelitis
486 1379 617 1420 dicitur,
649 1389 715 1410 non
747 1380 876 1410 tantum
905 1389 924 1410 a
952 1377 1036 1419 face,
1070 1389 1141 1409 cum
1171 1389 1234 1419 qua
1261 1378 1416 1420 pingitur,

131 1434 263 1475 propter
284 1433 368 1475 quod
389 1435 421 1464 et
437 1432 586 1464 Lucifera
604 1432 733 1464 dicitur:
759 1432 791 1463 et
805 1431 950 1462 Ariciam
969 1430 1095 1463 detulit.
1134 1431 1188 1462 sed
1209 1442 1281 1463 cum
1301 1434 1416 1473 postea

131 1485 287 1518 Romanis
312 1497 477 1518 sacrorum
501 1485 677 1517 crudelitas
703 1484 903 1526 displiceret,
932 1495 1128 1526 quamquam
1157 1485 1242 1516 servi
1270 1485 1415 1516 immola-

204 1576 218 1600 7
239 1572 316 1600 cuius
335 1573 432 1600 fabula
451 1573 517 1600 talis
536 1574 578 1600 est
596 1581 619 1600 e.
639 1582 665 1606 q.
686 1572 721 1607 8.]
741 1572 775 1599 cf.
795 1572 934 1606 mythogr.
953 1572 966 1598 I
985 1574 1019 1598 20
1039 1572 1064 1598 II
1083 1575 1143 1599 202.

205 1657 217 1680 1
243 1645 294 1681 ad.
303 1663 327 1681 v.
349 1657 398 1680 115
427 1653 573 1680 Mittimus.
616 1652 716 1687 Adytis
744 1652 862 1687 (aditis)]
890 1652 1004 1686 adytum
1031 1652 1153 1686 (adytus)
1181 1673 1186 1679 .
1207 1673 1212 1678 .
1233 1673 1239 1678 .
1268 1652 1415 1679 sacerdoti.

132 1689 303 1725 Reportant]
323 1689 493 1716 renuntiant.
514 1689 540 1715 P
560 1690 569 1723 ΙΙ
592 1698 681 1715 Amris
701 1688 809 1714 aditum
829 1689 894 1715 libri
913 1689 964 1714 mei
984 1689 993 1722 Ι]
1016 1688 1108 1714 nullus
1128 1688 1162 1714 H
1179 1690 1188 1722 ΙΙ
1211 1691 1227 1714 2
1247 1696 1372 1715 accessus
1391 1688 1416 1714 L

132 1726 173 1760 (at
192 1725 286 1752 aditus
303 1734 436 1760 superscr.
454 1726 474 1758 l)
488 1725 497 1759 ΙΙ
512 1724 658 1751 sacerdoti.
685 1721 742 1750 α’πό
763 1724 813 1749 τοῦ
833 1727 850 1749 ᾶ
872 1723 920 1749 καὶ
940 1721 999 1749 δύω
1018 1723 1173 1758 ingredior,
1193 1724 1221 1750 id
1236 1725 1277 1750 est
1292 1724 1350 1750 sine
1365 1724 1415 1750 ali-

132 1761 211 1788 cuius
231 1761 365 1795 ingressu.
386 1761 415 1787 D
437 1762 447 1795 fl
470 1760 612 1786 renuntiat
630 1768 679 1786 om.
700 1759 733 1785 Η
738 1759 774 1785 Μ
778 1759 808 1785 Ε
830 1760 839 1793 ss
866 1762 882 1785 4
902 1759 939 1785 ad
957 1767 980 1786 v.
1002 1762 1052 1786 116
1073 1759 1225 1794 Sanguine]
1249 1759 1346 1785 fabula
1365 1760 1415 1785 est.

133 1806 195 1823 cum
210 1797 310 1823 Graeci
330 1797 366 1823 ad
380 1796 510 1823 Aulidem
525 1795 680 1827 uenissent,
700 1795 894 1829 Agamemnon
909 1794 1016 1821 Dianae
1036 1794 1161 1828 (deauce)
1182 1803 1293 1821 ceruam
1313 1794 1416 1820 occidit

131 1832 245 1867 ignarus
264 1832 293 1858 in
312 1832 471 1859 uenatione.
504 1832 577 1857 unde
597 1831 650 1857 dea
667 1830 741 1856 irata
759 1830 841 1856 flatus
860 1831 1007 1856 uentorum
1027 1830 1075 1864 qui
1093 1830 1128 1856 ad
1144 1830 1257 1856 Troiam
1276 1830 1416 1856 ducebant

133 1867 286 1902 suspendit.
325 1867 361 1894 ob
381 1876 465 1901 quam
484 1875 543 1893 rem
563 1866 689 1893 consulta
707 1874 757 1899 per
776 1865 959 1892 Calchantem
979 1865 1091 1891 oracula
1117 1865 1245 1892 dixerunt
1264 1864 1322 1899 (di)
1341 1865 1414 1899 Aga-

132 1902 292 1938 memnonio
312 1902 460 1937 sanguine,
486 1902 539 1929 hoc
564 1903 607 1928 est
630 1901 776 1927 immolata
794 1900 941 1935 Iphigenia
961 1900 1083 1934 (figenia)
1108 1901 1276 1935 placandam
1295 1900 1415 1927 Dianam

132 1939 279 1973 (deanam).
308 1947 371 1966 cum
391 1946 456 1972 ergo
476 1938 550 1964 esset
565 1937 688 1963 adducta
701 1937 733 1962 ut
747 1936 952 1968 immolaretur,
972 1935 1091 1962 numinis
1106 1936 1285 1963 miseratione
1304 1936 1416 1962 sublata

133 1976 188 2008 est,
208 1983 291 2001 cerua
306 1973 463 2008 supposita,
484 1974 512 1999 ot
530 1973 668 1999 translata
683 1972 718 1999 ad
733 1971 881 1998 Tauricam
900 1971 1042 2006 regionem
1062 1971 1122 2005 regi
1137 1972 1259 1998 Thoanti
1278 1971 1415 2005 (thoante)

131 2010 236 2037 tradita
254 2011 297 2036 est
316 2009 444 2037 sacerdos
467 2009 544 2036 facta
563 2007 678 2035 Orthiae
699 2008 809 2041 (ortiae)
830 2007 946 2034 Dianae.
969 2006 997 2032 P
1017 2007 1026 2041 ΙΙ
1051 2010 1065 2034 7
1085 2007 1162 2033 cuius
1184 2007 1295 2042 fabula]
1320 2007 1416 2034 fabula

132 2054 199 2072 uero
219 2045 291 2072 ΜΕ
303 2047 312 2079 ΙΙ
327 2049 342 2073 S
362 2054 474 2072 ceruam
494 2044 551 2071 GE
568 2046 593 2070 et
611 2043 815 2078 mythoqraphi:
835 2051 948 2069 ceruum
967 2043 1031 2068 LH
1035 2043 1072 2068 M
1084 2044 1093 2076 ΙΙ
1114 2046 1130 2069 9
1150 2043 1281 2078 removit]
1302 2051 1414 2077 suspen-

132 2081 174 2108 dit
193 2080 232 2108 G*
244 2082 254 2115 ΙΙ
275 2082 311 2108 ob
330 2089 413 2115 quam
434 2089 492 2107 rem
512 2080 550 2107 G*
568 2080 577 2113 ss
599 2082 631 2105 10
650 2087 702 2106 1180
721 2077 912 2112 pestilentiam
933 2077 956 2104 O
970 2078 980 2112 ss
1002 2081 1034 2104 12
1054 2086 1104 2112 per
1121 2078 1283 2112 nuptiarum
1302 2078 1413 2105 simula-

132 2116 247 2151 tionem]
267 2117 347 2150 quasi
365 2116 503 2143 tradenda
522 2115 558 2142 sit
575 2115 694 2149 nuptum
713 2122 845 2147 superscr.
866 2114 876 2140 l
893 2114 903 2147 ΙΙ
923 2115 955 2139 15
975 2122 1059 2140 cerua
1076 2114 1110 2140 H
1125 2115 1134 2148 ΙΙ
1159 2117 1190 2141 16
1211 2114 1360 2148 dictynnae
1381 2114 1415 2140 0:

133 2152 273 2179 dictinnae
292 2152 318 2178 L
346 2151 468 2178 dictinne
484 2151 549 2177 ΗΕ
576 2150 736 2184 dictymnae
753 2150 789 2175 M
801 2150 810 2182 ΙΙ
827 2152 857 2176 17
877 2148 965 2176 ortiae
986 2148 1024 2175 C*
1037 2151 1047 2183 ΙΙ
1063 2153 1094 2176 18
1114 2151 1234 2176 orestem
1253 2150 1279 2175 L
1293 2150 1302 2183 ΙΙ
1318 2153 1349 2176 19
1370 2158 1415 2176 ca-

132 2187 223 2222 rendi]
243 2187 358 2214 curandi
375 2187 538 2214 Masvicius.
572 2185 690 2212 cavendi
709 2185 775 2212 libri
791 2185 965 2217 Burmanni,
984 2193 1148 2219 quamquam
1166 2185 1215 2212 hoc
1234 2186 1415 2212 testimoniam

132 2224 283 2257 typothetae
298 2231 387 2250 errore
404 2223 513 2249 ridetur
532 2224 690 2255 corruptam
709 2229 762 2247 esse
768 2231 777 2252 ;
797 2220 952 2254 Stephanus
972 2223 1039 2247 certe
1053 2221 1156 2247 Daniel
1170 2221 1330 2253 Fabricius,
1349 2228 1415 2254 quos

133 2259 203 2285 idem
217 2259 332 2285 edidisse
346 2259 528 2285 Burmannus
542 2260 670 2290 testatur,
691 2256 803 2283 carendi
821 2256 960 2283 dederunt.
975 2257 984 2290 ΙΙ
998 2256 1094 2291 causa]
1114 2257 1232 2282 matrem
1248 2256 1321 2282 enirn
1336 2264 1414 2282 suam

135 2293 237 2320 dicitur
257 2294 390 2321 occidisse
410 2301 499 2327 eoque
524 2293 635 2319 furebat
653 2293 716 2319 add.
737 2292 775 2324 L,
801 2292 937 2325 eapunxit
956 2292 966 2318 l
987 2292 997 2326 n
1020 2295 1053 2318 20
1073 2292 1154 2318 trofio
1175 2292 1198 2318 0
1218 2293 1227 2325 ΙΙ
1250 2294 1283 2317 22
1303 2291 1414 2318 fascelis

133 2328 201 2356 LO·
234 2329 326 2356 facilis
349 2330 383 2356 H
411 2329 536 2356 fasciolis
556 2328 593 2354 M
624 2327 765 2354 faseelidis
789 2327 871 2353 Elm.
905 2327 945 2360 cf:
965 2326 1053 2353 Probi
1074 2327 1164 2361 praef.
1190 2328 1226 2353 ad
1251 2327 1328 2360 Very.
1356 2327 1414 2353 buc.

129 2372 160 2398 p.
179 2367 194 2391 3
210 2364 246 2391 K.
269 2365 280 2399 ΙΙ
303 2368 337 2392 23
356 2366 470 2399 propter
491 2385 496 2390 .
517 2385 523 2391 .
543 2385 549 2391 .
570 2363 672 2390 dicitur
691 2371 741 2390 om.
762 2363 800 2389 M
815 2363 825 2397 ΙΙ
846 2362 959 2397 dicitur]
979 2362 1028 2389 sed
1047 2371 1064 2389 a
1082 2362 1156 2389 fasce
1176 2362 1262 2389 etiam
1281 2361 1379 2395 (etiam
1398 2370 1415 2388 a

133 2399 208 2427 fasce
221 2400 261 2434 E)
279 2400 420 2434 lignorum
439 2401 502 2427 add.
523 2399 584 2426 LE
596 2400 605 2433 ΙΙ
619 2399 731 2426 aritiam
749 2398 775 2424 L
1257 2412 1264 2414 —

1438 744 1469 767 10

1438 1010 1469 1034 15

1435 1277 1469 1300 20
