1630 2684
209 143 274 175 174
785 144 906 172 SERVII

205 225 417 258 Aeaciden:
441 225 593 258 subaudis
617 225 715 259 ‘ille'.
761 226 845 259 alter
869 227 956 259 enim
975 226 1136 269 Pyrrhum
1160 227 1252 269 vicit,
1277 226 1360 259 alter
1382 226 1490 270 Myce-

204 290 273 311 nas.
326 279 406 311 item
436 290 511 312 non
542 279 681 322 ignara
711 280 803 313 mali
834 280 988 312 miseris
1024 291 1250 313 succurrere
1280 281 1397 314 disco.

211 345 307 365 νιωειι
326 346 410 369 em!
430 345 540 366 surm
567 345 673 366 VESTRA
697 334 763 374 mr]
790 333 845 366 hoc
871 333 991 366 schema
1018 335 1055 366 de
1082 334 1310 375 antiquioribus
1331 336 1488 376 stmtpbum

199 396 366 427 possumus
393 387 541 428 amp-em
572 387 620 418 ait
648 387 732 419 enim
754 386 830 419 Cato
858 387 892 419 in
915 387 1009 428 kyem
1037 387 1203 420 Voconiam
1230 398 1360 429 ayrum
1387 397 1492 429 quem

170 444 186 468 5
204 440 266 471 vir
294 439 401 473 habet
430 440 580 472 tollitur
608 442 637 472 et
661 440 821 472 Terentius
847 440 1051 473 eunuchum
1078 451 1180 482 quem
1209 442 1346 474 dedisti
1373 441 1492 481 nobis,

207 503 300 533 quas
323 493 454 526 turbas
476 494 585 526 dedit.

297 546 372 579 574.
393 549 551 579 “ΑαΕτνη
575 548 715 589 regetur.

294 600 369 632 575.
407 613 505 636 aron:
531 613 641 633 νΤιΝΑιι
657 600 782 633 dicendo
801 599 945 632 ‘utinam’
964 603 993 633 et
1009 600 1234 635 humandam
1250 612 1342 635 suam
1359 603 1490 636 ostendit

205 655 233 684 et
255 653 378 685 Aeneae
399 663 431 685 se
453 653 607 694 cupidam.
677 662 772 686 noro
796 662 1001 687 courvnsvs
1025 662 1146 687 Eorum
1170 657 1228 688 aut
1246 656 1361 698 quovis
1384 658 1489 696 vento,

154 712 186 735 10
205 708 262 738 aut
286 717 321 738 re
346 717 422 739 vera
444 706 549 744 Noto.
578 707 634 749 qui
661 707 701 739 de
729 707 873 749 syrtibus
897 706 1129 750 Carthaginem
1157 708 1260 751 ducit3
1283 720 1381 752 supra
1403 710 1491 743 enim

203 759 344 792 Ilioneus
369 760 408 792 in
431 759 528 792 vada.
550 771 665 793 caeca
687 761 783 793 tulit
810 761 1044 803 penitusque
1072 762 1305 803 procacibus
1333 763 1491 796 austris.

292 823 414 847 EODEM
433 813 476 846 ‘o’
495 814 690 847 naturaliter
709 815 809 856 longa
827 816 890 856 est,
909 814 966 847 sed
985 815 1014 847 si
1033 815 1228 857 corripiatur
1246 816 1343 849 metri
1365 818 1425 859 est,
1446 818 1486 850 ut

203 869 481 910 steteruntque
504 879 643 900 comae.

291 921 379 953 576:
402 915 567 954 Abi-*oum
599 921 762 963 adveniat3
793 922 950 963 temporis
980 924 1031 954 est
1059 922 1168 954 futuri.
1264 931 1424 962 novumn
1453 923 1490 957 in

155 979 185 1003 ¹5
205 974 295 1006 omni
320 974 467 1016 Vergilio
492 973 570 1016 ‘ego
594 974 739 1017 quidem’
763 975 941 1017 significat,
965 975 1021 1007 sed
1046 976 1079 1008 in
1104 975 1178 1008 aliis
1198 977 1231 1008 et
1249 987 1307 1017 pro
1328 975 1492 1019 ‘quidem'

204 1030 339 1060 tantum.
355 1028 503 1069 ponitur,
526 1030 563 1060 ut
586 1028 714 1060 Tullius
743 1028 919 1070 equidem
947 1039 1017 1071 ego
1045 1031 1195 1061 ceteras
1224 1031 1492 1072 tempestates.

204 1081 283 1113 item
316 1080 446 1113 Persius
479 1092 555 1114 non
588 1081 765 1124 equidem
802 1081 873 1114 hoc
905 1081 1061 1114 dubites
1099 1082 1296 1114 amborum
1333 1082 1492 1117 foedere

204 1136 311 1166 certo
336 1135 562 1167 consentire
585 1134 677 1167 dies.
752 1143 883 1168 camos
907 1138 965 1168 aut
983 1135 1122 1178 veloces,
1145 1138 1202 1168 aut
1221 1135 1346 1178 fideles3
1369 1138 1491 1170 utrum-

203 1199 264 1230 que
295 1188 382 1221 enim
411 1188 473 1221 hoc
503 1188 574 1220 loco
606 1188 779 1230 siguificat.
832 1188 1006 1231 aliquando
1029 1191 1064 1221 et
1086 1190 1212 1231 firmos,
1241 1190 1288 1222 vel
1314 1189 1422 1233 fortesj
1454 1191 1492 1223 ut

151 1248 185 1271 2ο
205 1239 380 1274 Sallustius
405 1242 503 1284 apud
527 1242 655 1274 latera
678 1244 808 1275 certos
828 1242 1043 1284 locaverat,
1066 1245 1102 1274 ut
1121 1242 1273 1284 Verqilius
1295 1245 1369 1281 ¹tam
1391 1245 1492 1277 certa

203 1295 350 1327 tulistis
367 1297 531 1336 pectora.
577 1295 751 1337 aliquando
780 1297 813 1327 et
836 1295 1006 1328 deliberati
1030 1295 1155 1337 iudicii,
1184 1298 1219 1328 ut
1247 1297 1377 1329 certus
1405 1297 1490 1330 iter.

292 1349 409 1388 cemos]
434 1348 515 1389 *qui
541 1349 600 1380 cito
628 1349 795 1380 inveniant.
841 1349 996 1381 contrario
1022 1349 1152 1381 incertos
1176 1360 1238 1390 pro
1261 1350 1368 1382 tardis.
1414 1349 1486 1383 Sal-

203 1402 316 1434 lustius
338 1405 372 1434 et
392 1412 500 1434 onere
523 1402 685 1434 turrium
707 1402 863 1434 incertis
884 1401 1078 1434 navibus*

292 1455 366 1487 577.
403 1464 448 1487 nr
472 1464 598 1487 maun
626 1456 892 1497 καταχρηστικῶς
923 1467 1000 1488 nam
1027 1456 1113 1488 Dido
1142 1456 1264 1499 Libyae
1292 1467 1395 1500 regna
1423 1467 1490 1491 non

275 1563 290 1586 2
314 1568 370 1587 non
393 1560 504 1596 ignara]
530 1561 562 1588 A.
587 1561 599 1587 1
623 1564 675 1588 630
695 1562 705 1595 ΙΙ
727 1564 744 1588 4
769 1561 838 1589 Cato
861 1561 890 1588 in
913 1561 1005 1596 legem
1029 1561 1197 1598 Voconiam]
1220 1562 1320 1598 fragm.
1344 1565 1360 1590 2
1383 1563 1457 1591 Iord.
1478 1563 1490 1626 ν

203 1598 219 1621 5
240 1595 399 1631 Terentius]
425 1604 486 1624 eun.
507 1596 545 1623 IV
564 1600 593 1630 3,
615 1600 645 1623 11
670 1598 680 1630 Η
704 1600 735 1623 11
760 1597 789 1624 in
813 1597 897 1632 vada]
921 1597 953 1624 A.
974 1597 986 1623 I
1011 1600 1063 1624 536
1085 1598 1095 1632 fl
1120 1600 1151 1624 13
1175 1598 1381 1634 steteruntque]
1404 1599 1436 1626 A.
1463 1599 1475 1626 1

204 1633 256 1658 774
278 1631 288 1666 fl
313 1634 343 1658 17
364 1631 489 1667 Persius]
510 1632 562 1659 sat.
583 1632 607 1659 V
626 1635 660 1659 45
679 1633 689 1666 η
708 1635 740 1658 18
760 1633 810 1659 aut
828 1632 938 1659 veloces
970 1632 1004 1659 cf.
1025 1641 1124 1660 comm.
1145 1633 1210 1660 Luc.
1229 1633 1255 1660 V
1274 1636 1325 1661 552
1346 1634 1357 1668 Ι
1374 1637 1410 1661 20
1429 1634 1487 1662 Sal-

203 1666 317 1728 lustius]
337 1667 401 1694 hist.
420 1667 520 1708 fragm.
540 1667 592 1694 inc.
615 1670 647 1694 19
667 1667 753 1694 Kritz.
768 1669 778 1702 u
792 1667 932 1703 Vergilius
964 1668 996 1694 A.
1016 1668 1054 1694 IX
1074 1669 1150 1703 247!
1168 1672 1201 1696 21
1222 1669 1326 1705 certus]
1346 1669 1380 1698 A.
1399 1669 1425 1697 V
1442 1673 1459 1697 2
1479 1670 1489 1705 Η

205 1705 238 1729 22
259 1702 419 1738 Salustius]
440 1703 505 1730 lust.
525 1703 626 1738 fragm.
644 1703 683 1730 111
703 1707 737 1730 24
756 1703 842 1730 Kritz.

277 1804 291 1828 1
318 1801 391 1828 alter
414 1801 489 1828 enim
514 1810 629 1836 pyrrum
654 1801 727 1829 alter
752 1809 883 1836 mycenas
909 1801 985 1829 dicit.
1023 1802 1150 1836 quamuis
1173 1802 1227 1829 hoc
1246 1810 1340 1829 scema
1362 1802 1397 1829 de
1415 1802 1488 1830 anfi-

204 1836 348 1871 quioribus
366 1838 509 1872 sumptum
528 1846 675 1872 possumus
698 1837 826 1872 accipere
846 1837 870 1864 C'
889 1838 900 1871 ΙΙ
922 1840 938 1864 2
961 1837 1030 1864 mali
1054 1846 1110 1865 non
1128 1837 1238 1865 miseris
1258 1838 1292 1864 M
1315 1838 1325 1872 ΙΙ
1348 1841 1364 1865 5
1382 1838 1487 1866 terren-

204 1873 260 1900 tius
281 1873 304 1900 0
323 1874 333 1907 Ι
356 1876 372 1900 8
392 1874 429 1900 ad
446 1882 471 1900 v.
487 1876 539 1900 575
558 1874 650 1907 Atque
668 1873 749 1908 noto]
769 1873 817 1907 qui
835 1873 870 1900 de
890 1873 1011 1907 syrtibus
1025 1873 1224 1908 Carthaginem
1243 1873 1328 1902 ducit.
1365 1873 1487 1909 Eodem]

205 1910 299 1935 autem
324 1917 341 1936 o
365 1908 533 1936 naturaliter
556 1909 642 1943 longa
660 1909 716 1942 est,
740 1909 789 1935 sed
812 1908 836 1935 si
855 1908 1023 1943 corripiatur
1041 1909 1125 1936 metri
1148 1910 1203 1942 est,
1226 1910 1258 1936 ut
1278 1908 1487 1944 ‘steteruntque

204 1944 327 1972 comae'.
349 1944 377 1970 P
397 1946 407 1979 ΙΙ
430 1947 445 1971 9
465 1953 553 1971 aenea
572 1944 596 1971 C
616 1946 626 1979 ΙΙ
648 1953 699 1979 pro
722 1943 823 1978 quouis
843 1944 866 1971 0
885 1945 896 1978 ΙΙ
919 1947 952 1971 12
974 1944 1074 1971 eodem
1097 1945 1192 1972 autem
1211 1944 1235 1972 0
1255 1946 1266 1978 ΙΙ
1287 1944 1371 1972 metri
1394 1946 1439 1972 est
1456 1946 1488 1972 ut

204 1979 267 2013 (XII
282 1982 345 2013 847)
363 1988 420 2007 uno
440 1980 540 2008 eodem
557 1980 625 2007 tulit
642 1981 726 2015 partu
739 1980 892 2007 Fabricius
909 1981 1103 2014 steteruntque
1121 1988 1219 2008 comae
1236 1980 1361 2007 omittens
1373 1980 1384 2015 Ι
1398 1982 1432 2007 14
1450 1980 1488 2008 ad

203 2023 226 2041 v.
249 2018 300 2042 576
319 2015 449 2050 Adforet]
470 2016 611 2043 adueniat.
649 2017 759 2050 tempus
784 2016 826 2042 est
848 2015 944 2043 futuri.
981 2016 1012 2043 in
1029 2015 1148 2050 Virgilio
1172 2023 1225 2056 ego
1247 2015 1361 2050 quidem
1382 2015 1486 2050 ubique

203 2071 209 2076 .
227 2071 254 2078 ..
281 2051 400 2085 ponitur.
447 2050 555 2086 Certos]
579 2051 691 2078 ueloces
715 2051 863 2085 (uelocem)
882 2073 889 2079 .
909 2072 915 2077 .
937 2072 943 2078 .
966 2051 1118 2079 locauerat.
1159 2051 1311 2085 aliquando
1339 2050 1488 2079 deliberati

203 2086 360 2119 (aliquanto
389 2086 549 2119 deliuerati)
576 2086 682 2114 iudicii.
721 2087 796 2121 apud
820 2086 969 2121 Virgilium
993 2089 1022 2114 ot
1048 2086 1156 2114 ‘certus
1181 2087 1294 2121 (certos)
1319 2086 1399 2114 iter'.
1426 2086 1455 2113 P
1477 2086 1487 2122 Η

205 2124 237 2148 17
258 2121 311 2148 hoc
330 2129 380 2149 om.
401 2122 439 2148 M
459 2123 469 2156 fl
494 2125 526 2149 18
546 2124 610 2149 cetu
629 2123 694 2149 LH
709 2123 798 2156 (certu
818 2123 837 2156 l)
861 2124 871 2156 ΙΙ
893 2122 1051 2150 consentire
1068 2122 1128 2149 dies
1146 2130 1196 2150 om.
1213 2121 1248 2155 0,
1266 2122 1298 2149 in
1316 2130 1401 2157 ηενρ.
1421 2123 1486 2150 add.

205 2156 239 2183 0³
261 2157 272 2191 ΙΙ
294 2156 354 2184 dies
372 2158 402 2184 et
420 2157 508 2190 (Pers.
529 2160 579 2185 sat.
599 2158 611 2184 I
633 2159 694 2192 110)
717 2166 767 2192 per
786 2166 830 2185 me
854 2158 984 2192 equidem
1002 2157 1059 2184 sint
1079 2157 1173 2185 omnia
1195 2157 1324 2192 protinus
1347 2157 1414 2185 alba
1429 2158 1461 2185 D
1477 2158 1488 2194 ΙΙ

204 2202 301 2219 cam-os
320 2193 371 2219 aut
389 2192 501 2220 ueloces
520 2193 568 2226 qui
588 2192 644 2220 cito
663 2193 810 2220 inueniant
833 2194 883 2220 aut
905 2193 1001 2220 fideles
1020 2214 1026 2220 .
1042 2214 1048 2220 .
1064 2214 1070 2220 .
1090 2192 1238 2228 significat.
1283 2193 1423 2220 contrario
1445 2193 1486 2220 in-

203 2229 295 2255 certos
315 2250 321 2255 .
337 2250 343 2255 .
360 2249 366 2255 .
385 2228 503 2255 nauibus
524 2229 594 2261 GP,
621 2229 679 2255 nisi
700 2230 773 2263 quod
790 2229 918 2256 uelocem
938 2229 976 2262 P,
995 2231 1026 2255 ut
1048 2237 1136 2262 supra
1153 2229 1256 2256 dictum
1278 2231 1324 2256 est.
1348 2230 1358 2263 ΙΙ
1382 2231 1414 2256 19
1434 2229 1486 2256 ali-

204 2264 315 2298 quando
337 2285 343 2291 .
359 2285 365 2290 .
381 2285 386 2290 .
406 2264 551 2290 locaverat
568 2272 617 2290 om.
638 2265 677 2298 L,
697 2265 761 2291 add.
783 2266 793 2291 l
810 2266 842 2291 in
860 2273 945 2299 marq.
968 2265 978 2299 Ι
1004 2267 1038 2290 20
1057 2263 1145 2291 latere
1164 2263 1198 2290 H
1216 2265 1226 2298 ΙΙ
1246 2267 1279 2291 21
1300 2264 1335 2291 de
1354 2264 1486 2292 libertate

203 2300 231 2325 B
246 2301 304 2334 1124
322 2300 360 2327 ad
378 2308 401 2326 v.
422 2302 472 2326 577
492 2299 599 2334 Libyae
618 2299 748 2334 lustrare]
769 2300 1007 2334 καταχρηστικῶς,
1026 2308 1092 2326 nam
1110 2299 1183 2327 Dido
1201 2300 1307 2334 Libyae
1325 2308 1413 2334 regna
1430 2307 1487 2327 non

204 2336 318 2369 retinet,
337 2335 385 2362 sed
405 2336 436 2361 ut
454 2335 585 2362 ostendat
602 2335 791 2368 uoluntatem,
807 2344 836 2362 se
850 2335 967 2363 misisse.
989 2335 1038 2370 Pu
1051 2345 1083 2362 ετ
1102 2344 1197 2362 masas
1211 2345 1344 2362 mvsa-aaut:
1363 2345 1386 2362 a.
1403 2346 1421 2362 1.
1438 2335 1462 2362 0
1477 2335 1487 2371 Η

204 2371 401 2398 catacresticos
420 2371 527 2397 BHM
544 2370 757 2398 catachristicos
778 2371 802 2398 0
817 2370 1032 2398 catachrestieos
1051 2371 1077 2397 L
