1630 2684
413 163 527 190 COMM.
547 163 586 190 IN
605 162 713 190 VERG.
733 163 816 191 AEN.
836 164 856 191 Ι.
876 167 1026 192 453-466.
1298 166 1359 198 149

77 256 122 278 an
143 246 289 278 ambobus
310 244 511 277 exercitibus?
545 244 674 277 Graecis
696 247 824 286 propter
851 255 941 278 suam
969 247 1005 278 de
1027 246 1171 280 Briseide
1198 249 1350 280 iniuriam

80 300 227 332 Troianis
243 301 370 340 propter
392 298 559 340 Helenam,
583 301 611 330 et
634 298 812 331 ‘ambobus'
829 310 890 340 pro
914 301 1050 341 utrisque
1072 301 1166 340 †arte
1188 301 1278 335 hunc.

166 350 241 386 460.
278 361 395 384 PLENA
411 360 558 385 LABORIS
578 353 693 394 plenus
713 353 863 394 genetivo
883 354 998 385 melius
1019 354 1173 396 iungitur,
1192 356 1227 386 ut
1241 355 1358 387 Teren-

77 407 143 439 tius
166 407 303 449 plenus
327 406 510 438 rimarum
534 417 623 438 sum.
670 406 806 438 Plautus
829 407 1016 439 dedecoris
1032 407 1246 448 pleniorem.

165 461 239 492 461.
276 469 322 491 ΕΝ
345 468 495 491 PRIAMVS
521 460 591 491 laus
615 459 761 501 picturae
785 462 850 501 est,
873 471 931 501 per
955 471 1052 502 quam
1071 471 1136 492 11011
1159 460 1278 502 imago,
1303 462 1357 493 sed

1351 274 1359 288 5

69 524 167 556 prope
194 513 262 555 ipse
293 513 474 545 ostenditur
503 513 661 545 Priamus.
757 522 846 545 SVNT
878 522 937 545 mc
967 523 1076 545 ETIAM
1108 523 1173 546 st
1203 523 1358 547 PRAEMlA

75 576 185 600 LAVDI
205 568 254 601 ,ut
285 578 384 608 supra
420 567 574 608 diximus,
612 566 716 598 omnis
750 566 879 599 Aeneae
916 567 1101 599 sollicitudo
1139 568 1178 599 de
1215 569 1358 601 moribus

74 602 229 653 Afrortfm
253 622 316 662 est,
340 632 438 663 quam
460 631 545 652 nune
568 620 712 662 picturae
732 620 1008 662 contemplatione
1028 621 1168 663 deponit.
1198 622 1252 663 qui
1272 623 1357 654 enim

73 675 162 708 bella
185 674 378 716 depingunt,
401 676 433 706 et
457 674 612 706 virtutem
636 674 779 716 diligunt
802 676 835 706 et
859 674 1067 706 miseratione
1091 676 1279 716 tanguntur.

74 737 140 762 SVA
159 728 191 760 id
207 730 257 760 est
272 738 428 770 congrua,
443 729 480 759 ut
499 729 766 769 strueremque
786 727 867 758 suis
887 727 1032 759 altaria
1051 727 1171 759 donis.
1249 738 1357 761 LAvm

73 782 203 823 virtuti,
227 783 263 814 ut
286 781 448 823 primam
471 781 593 813 merui
617 781 681 823 qui
705 780 818 813 laude
842 791 1031 812 coronam.

161 835 236 868 462.
276 844 459 868 MORTALIA
495 834 643 876 adversa,
682 834 799 876 quibus
833 836 963 866 constat
996 834 1161 866 subiacere
1194 836 1358 868 mortales.

71 889 132 922 alii
152 889 297 922 mortales
318 899 408 921 casus
430 889 598 929 accipiunt,
622 888 667 920 vel
689 888 824 920 absolute
846 886 886 919 τὰ
910 884 1120 930 ἀνθρώπινα.

160 943 236 975 463.
273 951 384 975 SOLVE
416 950 541 974 METVM
575 941 724 973 collectio
758 943 816 973 est.
872 952 948 972 nam
982 941 1038 972 ubi
1071 941 1172 973 virtus
1206 943 1358 984 praemia,

73 996 209 1029 adversa
231 996 475 1028 miserationem
504 997 680 1036 merentur,
711 994 773 1026 rite
802 994 939 1026 formido
969 994 1150 1036 deponitur.
1245 1005 1357 1028 FERET

72 1061 132 1092 pro
156 1050 288 1082 adferet.
325 1052 354 1082 et
375 1049 424 1082 hie
446 1049 580 1082 reddidit
601 1049 664 1081 hoe
681 1049 848 1089 primum
871 1049 909 1080 in
934 1049 1013 1080 lneo
1037 1059 1130 1080 nova
1152 1059 1212 1081 res
1234 1050 1359 1082 oblata

73 1104 240 1136 timorem
263 1103 381 1136 leniit.

160 1157 235 1189 464.
272 1166 372 1189 INANI
403 1156 570 1199 epitheton
602 1158 652 1188 est
682 1156 842 1198 picturae,
876 1157 932 1187 aut
962 1156 1038 1198 quia
1069 1158 1157 1188 caret
1187 1168 1357 1199 corporum

73 1222 155 1253 quae
177 1210 326 1243 imitatur
348 1210 564 1253 plenitudine,
589 1212 644 1242 aut
668 1210 744 1251 quia
764 1209 885 1241 nullius
907 1211 956 1241 est
974 1210 1144 1252 utilitatis,
1167 1212 1220 1243 sed
1237 1214 1357 1243 tantum

0 1283 19 1295 2-
71 1264 212 1303 delecta&
241 1274 317 1296 nam
346 1265 432 1305 apud
463 1267 573 1296 veteres
603 1264 837 1305 ματαιοτεχνία
869 1263 915 1295 vel
945 1263 1164 1305 ψευδοτεχνία
1194 1265 1277 1297 dieta
1306 1269 1356 1298 est.

0 1590 18 2118 1Ἣεζῑ””τναη·νέ.ο·ἶην”ιπιυμ’νμνυ-π-Ἇψἢν
0 1532 3 1570 20.
0 1499 6 1513 ,ἶ
0 1484 4 1490 ,
0 1444 2 1459 ..

73 1317 202 1360 ‘pascit'
234 1320 336 1350 autem
369 1318 507 1359 delectat,
538 1320 574 1349 ut
600 1327 673 1349 non
704 1317 869 1348 animum
901 1317 1004 1349 modo
1031 1318 1088 1349 nti
1109 1321 1244 1358 paseat
1268 1329 1355 1359 pro-

71 1374 215 1414 spectus
236 1372 386 1404 inanem
392 1382 403 1410 ;
427 1372 473 1404 vel
495 1374 530 1403 ut
551 1371 681 1411 quidam
703 1371 810 1403 volunt
831 1371 874 1403 ael
895 1371 1045 1411 stupentis
1067 1372 1209 1403 annuum
1232 1373 1356 1411 rettulit,

71 1426 126 1467 qui
147 1425 194 1458 vel
215 1425 364 1458 inanibus
385 1424 634 1457 commovebatur.

159 1478 234 1511 465.
271 1492 371 1512 unm
398 1492 514 1512 aramve
533 1489 678 1520 yraeeum
701 1481 745 1510 est
770 1475 877 1510 πολλὰ
901 1476 1077 1517 στενάζων.
1167 1489 1355 1518 LARGOQVE

72 1541 236 1566 VMECTAT
255 1541 413 1565 FLVMINE
433 1541 578 1564 VVLTVM
597 1532 756 1573 tapinosis
777 1533 828 1564 est
843 1532 919 1573 quia
934 1531 1015 1564 dixit
1030 1531 1206 1565 ‘umectat'.
1240 1533 1356 1576 ‘largo’

71 1598 147 1619 nam
171 1585 334 1618 ‘flumine'
359 1587 409 1618 est
432 1586 546 1627 fluore,
569 1586 602 1617 id
626 1587 678 1617 est
702 1585 789 1617 fluxu
812 1585 893 1626 ipso.

160 1640 235 1672 466.
272 1648 437 1672 PERGAMA
462 1648 592 1672 CIRCVM
616 1639 763 1682 abusive3
790 1633 865 1671 non*
880 1639 965 1670 enim
989 1639 1075 1671 cirea
1098 1638 1271 1681 Pergama,
1295 1640 1356 1672 hoe

72 1696 122 1727 est
146 1705 267 1734 arcem,
291 1693 346 1725 sed
370 1693 456 1725 cirea
479 1692 612 1725 Troiam
635 1693 724 1725 bella
748 1693 953 1735 gerebantur.

143 1785 158 1809 3
179 1781 338 1816 Terentius]
360 1789 420 1808 eun.
441 1781 453 1807 Ι
472 1784 497 1814 2,
517 1783 550 1807 25
574 1782 584 1815 ΙΙ
608 1784 641 1807 10
661 1781 865 1815 strueremque]
885 1780 918 1807 A.
939 1781 962 1807 V
983 1783 1016 1806 54
1040 1782 1049 1814 ΙΙ
1074 1783 1104 1806 11
1126 1780 1257 1815 primam]
1278 1781 1310 1807 A.
1332 1781 1355 1807 V

72 1820 124 1844 355
146 1818 156 1852 ΙΙ
179 1820 212 1844 13
236 1817 285 1844 alii
308 1837 314 1843 .
331 1838 337 1843 .
353 1837 359 1843 .
383 1814 567 1851 ἀνθρώπινα]
593 1816 626 1843 cf.
652 1825 751 1844 comm.
771 1816 838 1844 Luc.
867 1817 892 1842 II
913 1820 944 1842 13
968 1817 977 1850 ΙΙ
1002 1819 1034 1843 16
1058 1816 1111 1843 hoc
1136 1816 1270 1851 primum]
1292 1817 1322 1843 A.
1343 1817 1355 1842 Ι

72 1856 124 1880 450
146 1855 156 1887 ss
179 1856 211 1880 21
231 1861 287 1880 non
307 1852 443 1887 animum]
463 1861 559 1887 georg.
578 1852 604 1878 11
623 1855 674 1879 285

144 1937 158 1960 1
182 1933 308 1961 breseide
333 1932 357 1959 0
376 1934 386 1967 ss
408 1936 424 1959 2
444 1941 494 1967 pro
519 1932 642 1966 utrisque
662 1933 722 1959 arte
742 1933 770 1966 (i.
790 1940 810 1959 e.
833 1932 941 1965 ἀγάθ’)
966 1931 1068 1958 iunctis
1087 1932 1128 1958 vel
1146 1940 1196 1965 pro
1216 1932 1354 1965 utrisque:

72 1970 132 1996 arte
149 1969 240 1996 iunxit
258 1969 327 1996 coni.
347 1968 382 1996 F.
398 1968 555 1995 Sehoellius.
585 1969 619 2001 cf.
635 1968 710 1995 Serv.
730 1969 767 1994 ad
785 1968 854 1994 Aen.
870 1968 908 1994 VI
926 1970 986 1994 539.
1007 1975 1052 2001 eqo
1072 1976 1122 2001 pro
1142 1968 1253 2001 utrique
1272 1967 1353 2001 parti.

71 2014 119 2031 xm
137 2005 210 2039 (459)
229 2013 302 2031 nuuc
321 2005 492 2031 coniecerant.
513 2005 523 2038 ΙΙ
542 2007 557 2031 5
578 2005 615 2030 ad
633 2012 657 2030 v.
677 2006 726 2030 461
747 2003 850 2038 Laudi]
870 2003 968 2030 uirtuti
988 2025 993 2030 .
1010 2023 1035 2029 ..
1056 2011 1195 2030 eoronam.
1217 2003 1244 2029 P
1256 2004 1265 2037 ΙΙ
1289 2006 1303 2029 7
1324 2005 1355 2029 ut

72 2049 158 2075 supra
170 2040 277 2067 dictum
291 2041 334 2067 est
344 2040 368 2067 C'
378 2041 388 2075 ΙΙ
403 2043 434 2066 11
453 2040 556 2067 meruit
566 2040 630 2065 LII
640 2041 649 2073 ΙΙ
663 2039 730 2073 quia
741 2039 777 2065 M
789 2040 798 2073 ΙΙ
814 2042 847 2065 13
862 2036 1033 2072 ἀνθρώπινα
1047 2039 1159 2072 scripsi:
1179 2045 1355 2072 axspenwmxa.

73 2075 117 2110 01
133 2079 164 2103 14
183 2076 221 2103 ad
234 2085 257 2103 v.
270 2079 322 2103 463
343 2076 435 2103 Solue.
464 2075 558 2110 Feret]
578 2083 629 2109 pro
649 2075 763 2101 adferet.
782 2075 830 2108 ΡΙΙ
844 2074 974 2101 collectio
995 2074 1049 2109 est]
1069 2074 1104 2100 de
1123 2073 1167 2100 his
1187 2083 1257 2107 quae
1276 2074 1355 2100 uidet

72 2111 189 2146 collegit
213 2111 335 2146 (colligit
361 2112 379 2144 l)
406 2113 438 2138 ut
463 2112 569 2138 metum
596 2110 667 2137 solui
692 2110 792 2136 debere
816 2110 912 2137 uideat
937 2110 973 2136 M
991 2112 1015 2136 et
1034 2110 1043 2136 l
1062 2110 1093 2136 in
1115 2118 1201 2144 mary.
1225 2111 1234 2143 ΙΙ
1259 2113 1291 2136 16
1311 2118 1354 2136 res

73 2147 169 2174 oblata
187 2155 220 2174 ex
238 2155 267 2174 re
287 2147 399 2174 sublata
414 2147 438 2173 0
457 2148 467 2181 11
491 2150 522 2173 17
543 2146 614 2173 lenit
634 2146 657 2172 O
677 2146 686 2179 ΙΙ
711 2149 742 2172 18
763 2146 800 2172 ad
817 2154 841 2172 v.
857 2149 909 2172 464
928 2145 1019 2180 Inani]
1040 2145 1185 2179 epitheton
1203 2146 1245 2171 est
1264 2145 1353 2179 pietu-

72 2191 119 2209 ηε
139 2203 145 2210 .
162 2203 167 2209 .
184 2204 189 2209 .
209 2182 349 2210 utilitatis.
371 2183 399 2209 P
418 2184 427 2217 Η
442 2192 551 2209 Pici-vim
571 2191 661 2208 mse-rr
681 2190 752 2207 1xAN1
774 2181 797 2207 0
808 2182 817 2215 ΙΙ
834 2184 864 2207 19
885 2181 1070 2215 plenitudine]
1091 2180 1274 2207 similitudine
1295 2180 1328 2207 Ο2
1346 2181 1355 2214 J}

73 2218 211 2245 utilitatis.
241 2218 337 2246 Cicero
356 2219 385 2245 in
405 2218 553 2253 paradoxis
574 2220 613 2252 (5,
633 2219 677 2250 38)
696 2225 780 2250 quam
799 2217 954 2251 vilipendat
968 2216 1105 2251 picturam
1123 2217 1204 2250 patet
1224 2225 1287 2242 cum
1301 2216 1353 2242 ait:

73 2253 135 2288 sed,
153 2254 266 2281 obsecro
285 2255 327 2288 te,
346 2254 387 2281 ita
405 2263 478 2280 nunc
497 2254 551 2280 ista
570 2254 688 2280 venusta
706 2253 876 2286 habeantur,
895 2261 950 2278 non
969 2253 1001 2279 nt
1019 2252 1141 2279 virorum
1161 2252 1284 2285 vincula,
1305 2251 1353 2277 sed

74 2289 106 2316 ut
123 2289 330 2317 oblectamenta
347 2298 505 2324 puerorum.
525 2289 555 2316 D
577 2290 586 2322 ΙΙ
610 2292 643 2315 20
663 2288 852 2315 Mateotexma
871 2288 894 2314 C
911 2289 920 2322 ΙΙ
939 2291 972 2314 23
992 2288 1036 2315 vel
1055 2288 1174 2314 enotavit
1193 2287 1354 2320 Scioppius:

73 2324 151 2351 uelut
170 2324 193 2351 C
212 2326 222 2359 ΙΙ
244 2328 279 2352 24
302 2326 339 2353 ad
363 2334 386 2352 v.
407 2329 459 2352 465
478 2325 577 2352 Multa.
615 2324 768 2350 Humectat
791 2323 904 2350 flumine
927 2323 1049 2358 uultum]
1075 2322 1209 2357 tapinosis
1234 2324 1277 2348 est

73 2359 148 2386 fluxu
166 2360 235 2394 ipso.
257 2361 285 2387 P
305 2362 315 2395 ΙΙ
338 2370 470 2388 ert—:suos
491 2361 514 2386 C
534 2361 544 2394 fl
567 2364 600 2386 26
622 2360 705 2387 fluere
723 2359 795 2385 ΒΜ
816 2361 825 2394 ΙΙ
848 2362 881 2386 27
909 2360 945 2386 ad
963 2368 987 2387 v.
1008 2362 1059 2386 466
1078 2358 1216 2393 Pergama
1236 2357 1351 2392 circum]

18 2399 23 2432 ,J
74 2394 189 2423 abuaiue
209 2417 215 2423 .
230 2417 236 2423 .
253 2417 259 2423 .
278 2397 454 2432 gerebantur.
475 2396 502 2423 P
521 2397 530 2430 ΙΙ
553 2398 586 2423 ‘28
608 2395 731 2429 Troiam]
751 2394 830 2422 ilium
845 2395 906 2422 ‘GP
1079 2414 1082 2417 -

1379 736 1411 759 10

1379 1003 1410 1026 15

1376 1271 1410 1294 20

1376 1539 1408 1562 25
