1630 2684
490 141 603 171 COMM.
622 141 662 169 IN
680 141 788 170 VERG.
807 142 892 172 AEN.
912 144 945 172 II.
965 147 1114 172 487—501.
1375 145 1441 177 295

158 224 288 266 similes,
320 227 377 256 aut
403 226 510 257 eontra
535 224 570 256 in
597 224 802 256 similitudine
829 226 1018 265 comparatio
1045 227 1127 259 ultro
1155 230 1298 269 neyatur,
1325 230 1360 259 ut
1386 227 1442 259 hoo

158 277 234 319 loeo,
266 278 312 310 vel
344 278 409 310 illic
436 277 488 318 <V
514 277 598 318 144>
628 287 702 310 non
734 279 807 309 tam
833 279 1070 320 praecipites.
1121 282 1311 314 contrarium
1338 284 1383 314 est
1408 282 1441 314 si

154 341 274 371 parva
296 331 384 364 lieet
405 341 615 372 componere
638 331 792 372 magnis.
882 340 1038 365 spvmnvs
1063 345 1244 375 spumosus.

247 384 321 417 497.
358 393 454 416 Exn'r
482 384 619 417 dicimus
648 386 681 416 et
708 384 851 417 ‘exiviti
899 386 955 417 sed
986 385 1037 418 ‘v’
1067 387 1235 420 subtrahit
1265 389 1440 430 Vergilius,

158 438 194 469 ut
216 437 349 470 brevem
372 437 472 470 faciat
501 439 655 480 sequente
678 438 793 470 vocali.
884 441 913 470 et
933 440 1061 480 proprie
1083 440 1179 480 plena
1205 439 1344 481 'flumina
1371 453 1440 474 eum

158 493 246 523 extra
263 491 383 523 alveum
400 501 492 523 suum
510 494 648 524 creseunt
666 491 780 524 ‘edire'
802 492 962 534 dicuntur,
985 496 1020 525 ut
1036 495 1262 534 praesertim
1284 495 1441 527 incertis

154 545 189 576 si
210 544 396 577 mensibus
417 545 540 577 amnis
563 545 758 578 abundans
780 546 865 578 exit.

242 598 318 631 498.
356 607 499 631 GVMVLO
523 601 712 641 augmento:
736 599 916 631 exuberante
939 600 1049 640 fluctu,
1072 603 1108 632 ut
1130 601 1166 642 <I
1188 601 1272 643 105>
1296 603 1439 635 cumulo

146 654 381 692 praeruptus
402 662 520 693 aquae
542 662 651 684 mons.

245 704 319 736 499.
358 714 434 737 VIDI
458 714 535 738 IPSE
559 714 752 738 FVRENTEM
776 707 813 737 ut
832 706 895 747 <5>
918 717 1090 748 quaeque
1114 707 1196 749 ipse
1220 708 1439 741 miserrima

153 757 246 790 vidi.
341 761 370 790 et
395 758 445 792 hie
475 758 570 791 ‘vidi'
592 769 654 800 pro
682 759 889 791 admiratione
916 760 1036 800 posui&
1065 763 1100 792 at
1126 771 1195 792 vero
1223 760 1330 803 <501>
1360 761 1440 794 ‘vuli

154 810 332 843 Hecubam'
354 823 415 853 pro
443 813 645 845 miseratione.
736 823 811 845 sane
840 812 921 844 ‘vidi
948 812 1027 853 ipse'
1055 813 1112 845 hac
1138 815 1298 854 particula
1331 816 1439 847 addita

152 865 341 897 miseriorem
363 876 394 898 se
417 866 559 905 ostendit,
583 867 670 898 mitiis
693 868 764 898 ante
788 866 888 898 oeulos
911 876 1000 898 casus
1017 867 1145 907 patriae
1167 878 1352 910 suorumque
1373 870 1438 909 for-

152 919 230 950 tuna
252 919 458 952 constituerat.

241 971 316 1004 500.
354 985 540 1009 mammosam
559 986 594 1005 nv
613 986 721 1006 imme
740 986 868 1006 ATRJDAS
884 977 984 1014 potest
1005 974 1170 1006 subaudiri
1194 974 1369 1015 ‘furentes'.

154 1033 309 1058 Gmmms
342 1036 432 1058 more
465 1036 523 1058 suo
553 1025 713 1058 ‘fratresz
765 1018 921 1068 ‘'gemini'
950 1027 1036 1059 enim
1068 1029 1143 1066 sunt
1175 1039 1240 1060 non
1275 1029 1350 1071 duo,
1384 1030 1438 1062 sed

154 1078 251 1110 simul
275 1079 355 1111 nati.

241 1131 316 1164 501.
356 1141 570 1177 QENTVMQVE
595 1141 710 1166 anvs
739 1135 795 1166 aut
823 1134 933 1166 finitus
963 1136 1013 1166 est
1040 1145 1193 1167 numerus
1221 1147 1280 1177 pro
1310 1136 1437 1169 infinito

152 1182 392 1227 ὑπερβολικῶςε
417 1188 473 1218 aut
497 1188 585 1218 certe
608 1186 680 1218 ideo
707 1186 878 1229 ‘centum',
903 1188 979 1229 quia
1002 1188 1214 1220 barbarorum
1239 1189 1345 1221 fuerat
1372 1202 1438 1222 non

151 1239 297 1281 singulas
321 1239 477 1280 coniuges
500 1239 636 1281 habere,
666 1240 720 1271 sed
745 1240 864 1281 plures.
912 1243 969 1273 aut
992 1241 1074 1273 illud
1097 1242 1176 1274 dicit
1200 1242 1324 1283 ‘plures
1347 1243 1437 1275 femi-

150 1291 237 1334 nas',
260 1294 297 1324 ut
320 1291 467 1325 Lucanus
492 1292 529 1333 <I
555 1293 638 1335 164>
663 1293 791 1326 cultus
820 1296 977 1335 gestare
1000 1295 1159 1327 decoros
1184 1296 1247 1327 vix
1270 1296 1436 1328 nuribus

150 1351 318 1387 rapuere
341 1357 481 1387 marem,
504 1345 566 1378 hoc
591 1348 640 1378 est
663 1347 801 1379 feminis.
829 1350 885 1379 aut
908 1347 1018 1380 ‘novas
1040 1348 1179 1389 nuptas’,
1203 1352 1238 1381 ut
1255 1350 1365 1382 aetatis
1383 1350 1437 1382 hoe

152 1409 263 1431 nomen
285 1399 339 1440 sit,
362 1409 426 1431 non
448 1400 631 1440 adfinitatis.
661 1403 718 1432 aut
743 1400 889 1433 ‘centum
912 1413 970 1442 per
995 1401 1098 1443 aras',
1122 1402 1199 1434 licet
1223 1403 1433 1445 incongruum

152 1452 209 1494 sit,
233 1452 309 1494 quia
332 1453 479 1494 sequitur
502 1453 610 1494 <523>
634 1454 726 1485 haec
751 1465 817 1486 ara
841 1454 1020 1486 tuebitur
1045 1466 1189 1497 omnes,
1218 1458 1250 1488 et
1272 1468 1355 1488 unus
1379 1468 1436 1499 per

152 1508 283 1537 centum
314 1516 387 1537 aras
418 1506 520 1538 occidi
549 1517 615 1538 non
645 1508 783 1548 poterat.
835 1510 878 1539 est
906 1511 1009 1540 aictem
1038 1508 1111 1540 haec
1134 1509 1232 1549 plena
1258 1511 1379 1550 adfectu
1409 1513 1436 1542 et

151 1558 254 1591 dolore
276 1559 423 1599 repetitio.

222 1685 238 1709 2
259 1681 283 1709 si
301 1683 401 1717 parva]
421 1691 515 1717 georg.
536 1683 574 1709 IV
595 1683 698 1717 176116
717 1683 894 1719 praesertim]
916 1692 1010 1718 georg.
1032 1685 1043 1710 I
1064 1688 1114 1711 115

227 1802 241 1825 1
262 1798 295 1825 ut
313 1799 410 1825 contra
428 1798 541 1831 Daniel,
560 1807 608 1825 nec
627 1799 769 1826 dissentire
785 1799 951 1826 Fuldensem
969 1801 1131 1827 adnotatum
1149 1803 1187 1827 est
1200 1802 1210 1834 ΙΙ
1223 1802 1342 1836 negatur
1361 1810 1433 1829 com—

153 1834 263 1869 paratio
282 1834 357 1861 ultro
377 1834 405 1860 P
419 1834 429 1868 ΙΙ
448 1837 463 1860 2
483 1833 555 1869 illic]
575 1834 625 1861 illo
645 1835 672 1860 P
686 1835 696 1868 ΙΙ
713 1834 899 1870 praecipites]
914 1835 1010 1870 biiugo
1030 1836 1181 1863 certamine
1201 1845 1331 1871 campum
1351 1837 1434 1864 corri-

152 1878 238 1904 puere
261 1870 325 1897 add.
345 1870 449 1896 Daniel
472 1870 481 1903 ΙΙ
504 1869 576 1896 Huic
600 1870 770 1897 contrarium
791 1871 947 1897 Masvieius
961 1872 1071 1905 primus
1093 1872 1103 1906 ΙΙ
1126 1875 1142 1898 4
1166 1872 1203 1898 ad
1226 1881 1249 1899 υ,
1270 1875 1320 1899 497
1346 1873 1432 1908 Exiit]

154 1905 273 1932 dicimus
292 1906 322 1932 et
341 1905 471 1932 ‘exiuit'.
509 1905 557 1931 sed
579 1905 628 1931 ‘u'
655 1906 797 1932 subtrahit
821 1906 963 1940 (subtrait)
983 1906 1131 1941 Virgilius,
1155 1908 1187 1934 ut
1210 1907 1324 1935 breuem
1347 1908 1434 1935 faciat

153 1941 287 1975 sequente
302 1941 402 1968 uocali.
419 1941 446 1967 P
455 1942 465 1975 ss
479 1942 508 1967 et
521 1941 579 1968 secl.
595 1941 630 1969 F.
643 1941 792 1968 Schoellius
805 1943 814 1975 u
835 1944 850 1967 5
866 1943 1013 1975 sequenter
1027 1942 1119 1969 uocali
1134 1942 1158 1969 Ο
1173 1945 1336 1977 sequentem
1351 1952 1433 1971 uoca-

152 1976 209 2003 lem
218 1976 344 2002 LHME
355 1977 365 2011 ΙΙ
380 1980 395 2003 6
410 1976 555 2011 presertim
570 1976 698 2003 incer-tim
713 1977 827 2004 incertis
840 1977 863 2003 C
874 1978 884 2011 fl
898 1980 914 2003 8
929 1978 966 2004 ad
976 1987 999 2004 v.
1010 1980 1062 2004 498
1078 1978 1195 2005 Cumulo
1224 1980 1375 2013 augmento
1391 2001 1397 2007 .
1409 2002 1414 2007 .
1427 2001 1432 2007 .

153 2020 240 2039 mons.
259 2012 307 2046 Pss
321 2012 522 2048 exsss'uberante
542 2014 610 2046 (una
628 2013 720 2039 littera
733 2013 822 2045 erasa)
844 2012 916 2046 0119
936 2022 985 2047 pre
1003 2015 1169 2048 praeruptus
1219 2015 1229 2048 ΙΙ
1244 2018 1276 2041 12
1296 2015 1433 2042 hebucam

154 2046 178 2074 G
188 2048 198 2081 ss
212 2047 403 2082 miseratione]
419 2047 603 2074 admiratione
618 2047 765 2082 Scioppius
779 2051 846 2076 enot.
861 2049 871 2082 ΙΙ
885 2048 976 2075 adtita,
990 2049 1014 2076 0
1025 2050 1034 2083 ss
1050 2052 1082 2076 15
1098 2059 1269 2080 orumostss
1284 2061 1307 2077 τ.
1319 2061 1341 2078 L.
1352 2060 1377 2078 A.
1390 2051 1413 2078 G
1424 2067 1433 2085 s

153 2082 302 2110 subaudire
318 2083 341 2110 0
351 2084 361 2118 ΙΙ
381 2086 414 2110 16
429 2093 544 2110 cernuos
565 2105 570 2110 .
587 2104 593 2109 .
609 2104 615 2110 .
636 2083 718 2110 simul
737 2083 797 2110 nati
816 2092 866 2110 om.
883 2084 906 2111 Ο
922 2085 932 2118 ΙΙ
951 2088 983 2111 17
1003 2085 1071 2119 nati,
1090 2086 1122 2112 ut
1140 2094 1224 2119 supra.
1243 2086 1363 2113 diximus
1377 2087 1406 2113 D
1425 2088 1433 2121 Η

155 2121 187 2145 18
201 2119 239 2145 ad
252 2127 274 2145 v.
291 2121 342 2145 501
363 2119 536 2153 Centumque
555 2119 653 2154 nurus]
673 2120 723 2146 aut
736 2119 830 2146 finitus
845 2120 888 2146 est
900 2128 1031 2147 numerus
1049 2129 1100 2155 pro
1115 2120 1224 2148 infinito
1243 2119 1434 2158 ὑπερβολικῶς

155 2153 351 2188 (iperbolicos).
389 2155 437 2182 aut
465 2156 540 2181 certe
564 2154 627 2181 ideo
651 2156 776 2188 centum,
805 2154 871 2188 quia
899 2156 1080 2183 barbarorum
1107 2156 1199 2183 fuerat
1223 2165 1279 2184 non
1308 2157 1433 2191 singulas

152 2189 265 2223 habere,
281 2189 330 2216 sed
345 2190 439 2224 plures
454 2190 593 2224 coniuges.
610 2190 638 2216 P
650 2191 659 2224 ΙΙ
673 2190 796 2217 infinitos
810 2190 967 2224 perbolicos
978 2191 1006 2219 G.
1026 2189 1217 2228 ὑπερβολικῶς
1226 2193 1412 2219 0m.L11ME
1424 2197 1433 2227 i,

156 2227 188 2251 19
208 2233 263 2252 non
283 2225 407 2260 singulas
425 2226 543 2260 habere,
563 2226 611 2252 sed
631 2226 725 2260 plures
744 2225 876 2260 coniuges
896 2226 919 2253 Ο
938 2228 948 2261 [Ι
971 2230 1005 2254 20
1026 2227 1097 2254 illud
1116 2227 1197 2263 dicit]
1217 2230 1328 2255 centum
1348 2238 1432 2255 nurus

154 2259 184 2286 id
203 2261 245 2287 est
263 2260 414 2288 Fabricius
437 2262 446 2295 ΙΙ
469 2264 501 2288 21
523 2262 614 2288 cultus
633 2262 756 2296 gestare]
777 2261 921 2296 cultusque
939 2263 985 2290 uel
1004 2264 1115 2298 gestare
1134 2263 1239 2291 iactare
1258 2264 1284 2290 L
1304 2266 1367 2297 (que
1386 2264 1432 2290 uel

154 2298 180 2322 et
196 2295 302 2323 iactare
320 2300 457 2330 expuncta
475 2299 550 2331 sunt)
569 2298 578 2331 ΙΙ
596 2297 720 2331 gestare]
740 2297 885 2331 degestare
904 2297 928 2325 Ο
943 2299 953 2333 ΙΙ
972 2301 1005 2325 22
1024 2298 1142 2326 feminas
1160 2300 1194 2325 H
1214 2299 1323 2326 feminis
1342 2307 1375 2326 ea:
1393 2298 1431 2326 fe-

153 2330 244 2358 minas
262 2331 324 2358 LE
340 2332 350 2366 ΙΙ
370 2335 403 2359 23
423 2333 525 2359 centun
545 2341 595 2366 per
615 2332 638 2359 Ο
649 2333 658 2366 ΙΙ
677 2335 711 2359 24
730 2333 796 2366 quia.
815 2334 843 2359 ct
862 2334 987 2367 sequitur
1006 2335 1087 2362 GMe
1100 2336 1109 2369 ΙΙ
1128 2334 1216 2362 omnis
1237 2336 1272 2361 M
1286 2336 1295 2369 ss
1310 2338 1342 2361 25
1362 2335 1431 2362 haec

155 2366 302 2401 Scioppius
321 2368 453 2395 enotavit.-
471 2368 517 2395 hic
537 2368 561 2395 0
580 2369 590 2402 ss
613 2367 762 2395 affectuum
782 2369 810 2395 et
828 2368 932 2397 doloris
952 2370 1107 2398 Masvicius
1121 2371 1232 2404 primus

1461 714 1492 738 10

1458 981 1490 1004 15

1456 1249 1489 1272 20

1455 1516 1488 1539 25
