1722 2670
487 121 600 149 COMM.
619 123 660 149 IN
678 123 785 151 VERG.
804 124 888 151 AEN.
907 125 954 152 ΙΙΙ.
974 128 1124 153 222--236,
1374 127 1438 159 383

162 201 292 242 venisti,
326 202 382 233 sed
415 202 491 244 quia
522 203 592 235 illie
624 203 724 236 fuisti.
816 218 929 238 GAVATA
954 217 1012 247 pro
1041 206 1164 245 ‘cava';
1196 218 1271 239 nam
1298 211 1439 241 cavatum

44 244 46 246 ’
97 267 99 269 ·
156 255 284 295 proprie
305 265 403 287 manu
423 255 541 295 factum
564 256 702 289 dicimus.
1055 249 1079 287 Χ

249 308 323 340 231.
360 316 511 346 AmstE
539 318 736 342 REPommvs
764 319 877 343 mnam
906 323 977 344 ecce
1006 313 1092 355 quod
1121 313 1203 345 dixit
1234 314 1283 346 ‘in
1311 318 1438 356 partem

159 361 375 403 praedamque
390 361 525 394 Iovem’.
563 374 641 395 sane
660 364 826 396 sciendum
846 365 1052 398 iterationem
1072 367 1156 398 hanc
1174 367 1244 399 fieri
1264 368 1437 400 secundum

159 414 259 446 ritum
296 425 474 457 sacrorum3
511 427 587 447 nam
625 417 829 458 displicuisse
866 419 973 460 prima
1005 431 1043 452 ex
1075 420 1234 462 prodigiis
1267 421 1437 453 indicatur.
1457 428 1472 451 5

159 469 236 499 sunt
259 469 368 500 autem
390 468 452 500 hae
477 469 634 502 animales
658 470 801 513 hostiae,
825 483 906 514 quae
925 474 1054 505 tantum
1074 474 1298 516 immolantur,
1321 478 1349 506 et
1366 485 1438 506 caro

157 521 363 560 sacerdotibus
378 523 513 562 proficit.
551 523 628 555 alibi
652 526 781 556 tantum
800 526 991 567 sanguinem
1011 527 1046 558 in
1065 538 1137 559 aras
1157 527 1248 560 fundi
1267 528 1438 570 significat,

157 576 194 606 ut
217 574 302 616 <67>
331 575 534 616 sanguinis
565 578 601 608 et
630 578 731 609 sacri
758 580 929 621 pateras,
961 580 1041 611 alibi
1064 582 1192 622 partem
1216 582 1374 623 corporis,
1401 584 1438 613 ut

156 626 208 668 <V
232 628 318 670 237>
342 629 505 670 extaque
534 630 660 662 salsos
688 632 901 672 porriciam
929 633 968 664 in
995 633 1156 673 fluetus,
1188 635 1267 666 alibi
1291 635 1436 677 integras

155 681 319 723 victimas,
351 683 389 713 ut
417 681 485 723 <VI
509 683 596 725 253>
629 687 666 716 et
699 685 826 717 solida
862 686 1017 727 inponit
1054 689 1253 720 taurorum
1286 688 1437 720 viscera
1458 695 1490 719 10

155 733 337 767 flammis.
989 739 992 742 ’

196 809 198 811 v
245 789 319 821 232.
351 798 399 821 EX
413 799 564 823 DIVERSO
581 799 684 823 CAELI
699 793 736 824 ut
751 791 801 824 ‘ex
817 794 941 824 secreto
956 793 1144 826 montium':
1165 794 1315 826 subaudis
1331 794 1435 827 ‘loco'.

244 842 319 875 233.
334 852 337 855 ’
352 852 468 875 TVRBA
488 852 621 877 SONANS
646 845 804 887 impetum
825 846 980 889 ostendit3
1004 858 1081 878 nam
1102 847 1140 879 de
1159 848 1264 880 tribus
1283 848 1436 890 loquitur.

156 896 189 926 et
212 895 336 927 adludit
359 896 399 928 ad
422 896 540 938 furias,
565 897 603 929 de
627 898 745 940 quibus
770 899 817 931 ait
840 899 920 931 alibi
945 899 1014 940 <VI
1037 901 1123 942 572>
1147 903 1260 933 vocat
1283 902 1435 943 agmina

156 959 272 981 saeva
300 960 484 982 sororum.
529 961 598 991 cryc
627 951 749 983 ‘turba'
778 954 936 992 tamquam
965 954 1063 985 turba.
1109 965 1205 994 quare
1233 955 1335 994 turba,
1368 966 1437 987 cum
1457 964 1489 987 15

156 1004 216 1034 tres
238 1002 373 1034 dicerit?
397 1003 473 1043 quia
491 1004 577 1044 apud
594 1004 728 1037 Graecos
750 1006 805 1046 qui
827 1007 951 1038 dualem
973 1017 1137 1039 numerum
1158 1007 1282 1049 habent,
1300 1009 1439 1048 pluralis

155 1065 303 1087 numerus
325 1066 346 1087 a
369 1056 467 1088 tribus
489 1057 616 1097 incipit:
644 1068 713 1099 cryo
737 1059 807 1091 bene
831 1059 962 1101 ‘turba'‚
990 1061 1081 1100 quasi
1097 1061 1213 1101 plures.
1245 1061 1291 1092 vel
1315 1061 1437 1093 ‘turba'

150 1111 278 1149 propter
301 1109 466 1141 tumultum
488 1112 518 1141 et
538 1111 698 1151 strepitum
719 1112 853 1144 alarum.
890 1113 949 1145 alii
968 1114 1097 1145 tradunt
1114 1115 1180 1146 ideo
1200 1114 1336 1156 turbam,
1358 1116 1439 1155 quod

153 1162 273 1203 plures,
300 1173 363 1194 non
388 1165 447 1194 tres
476 1166 597 1196 tantum
625 1164 775 1206 harpyiae
801 1166 881 1198 sint:
909 1167 968 1198 alii
995 1168 1076 1207 quod
1097 1168 1139 1199 eis
1161 1169 1231 1199 cum
1251 1168 1348 1207 furiis
1370 1178 1438 1200 con-

155 1216 299 1255 sortium,
330 1217 411 1248 unde
438 1217 546 1258 <252>
575 1214 673 1250 ‘v'obis
697 1219 858 1258 furiarum
887 1230 938 1261 eyo
966 1220 1140 1252 maxima':
1172 1222 1231 1253 alii
1261 1231 1313 1253 cas
1343 1222 1436 1253 etiam
1455 1229 1490 1253 20

149 1279 268 1309 parcas
290 1279 364 1310 esse,
389 1270 470 1301 unde
493 1272 521 1301 et
543 1271 693 1302 divinatio
716 1272 744 1303 ei
766 1273 840 1304 data
863 1275 914 1305 est.
1005 1282 1172 1306 PRAEDAM
1196 1283 1341 1306 PEDles
1366 1283 1436 1307 cm-

156 1330 346 1354 cvmvonAT
370 1330 472 1354 vncls
503 1324 560 1354 aut
588 1323 708 1355 circum
735 1326 889 1366 praedam
914 1327 1021 1366 [dixit]
1051 1327 1142 1359 volat
1169 1328 1259 1359 uncis
1287 1327 1438 1368 pedibus:

157 1377 213 1408 aut
245 1376 332 1407 intra
364 1376 472 1407 volam
504 1377 679 1409 interiorem
706 1389 819 1410 manus
851 1379 1060 1421 amplectitur
1091 1381 1258 1421 praedam:
1290 1381 1373 1413 unde
1405 1384 1437 1413 et

157 1428 335 1462 ‘involare’
356 1429 492 1462 dicimus
511 1430 598 1462 intra
616 1432 723 1463 volam
743 1434 868 1474 tenere,
886 1433 970 1464 unde
988 1435 1022 1465 et
1039 1445 1123 1475 pyra
1137 1434 1295 1475 quaedam
1310 1435 1437 1467 volema

158 1483 322 1524 dicuntur,
344 1493 377 1514 eo
399 1484 482 1524 quod
502 1484 603 1516 volam
626 1485 783 1526 impleant.
1455 1496 1489 1519 25

246 1537 320 1568 234.
358 1549 483 1569 ιὀιινη·
505 1538 661 1579 continyit.
698 1542 727 1570 et
741 1540 898 1580 pollutum
920 1541 1108 1581 sacrificium
1126 1543 1296 1574 contactum
1315 1542 1436 1574 dicitur.

156 1593 185 1622 et
206 1590 261 1622 hoc
283 1592 327 1622 est
350 1589 561 1631 ‘contactuque
583 1593 689 1623 omnia
710 1593 837 1632 foedant
859 1593 1034 1626 inmundo'.

246 1643 321 1675 235.
358 1656 430 1676 οικᾼ
452 1643 565 1676 Sabini
587 1648 615 1677 et
643 1645 751 1678 Umbri
773 1657 851 1687 quae
872 1658 929 1680 nos
951 1648 1049 1686 mala,
1072 1648 1145 1680 dira
1167 1649 1331 1689 impellant.

247 1697 320 1728 236.
358 1710 394 1729 Ac
414 1710 494 1729 trssz
514 1698 563 1730 hic
586 1698 693 1732 ‘iussi'
717 1703 823 1732 utrum
844 1702 967 1733 verbum
985 1713 1027 1733 an
1040 1703 1246 1743 participium
1263 1703 1316 1741 sit,
1339 1703 1374 1734 id
1395 1705 1438 1734 est

114 1775 118 1779 .
158 1754 265 1783 utrum
288 1751 337 1783 illi
361 1751 441 1783 iussi
462 1752 538 1793 sint,
561 1763 604 1784 an
626 1763 677 1794 eqo
700 1753 802 1785 iussi?
881 1763 1085 1793 TECTOSQVE
1109 1764 1176 1787 PER
1200 1764 1342 1787 HERBAM
1367 1765 1438 1788 ωε·
1457 1763 1491 1786 30

231 1860 244 1883 1
265 1856 372 1884 Cavata
390 1865 440 1891 pro
456 1865 526 1884 cava
541 1878 547 1883 .
564 1878 569 1884 .
586 1878 592 1884 .
612 1857 742 1893 dicimus]
763 1858 798 1885 cf.
818 1859 882 1886 Isid.
903 1859 959 1887 diff.
979 1861 1054 1888 verb.
1074 1864 1107 1887 92

231 1959 243 1982 1
266 1956 395 1982 cauatam
415 1954 446 1981 F
461 1956 470 1989 ΙΙ
490 1958 505 1981 2
525 1963 607 1982 mane
628 1955 664 1989 F,
683 1963 752 1983 corr.
771 1955 875 1983 Daniel
889 1957 898 1991 {l
919 1961 934 1984 3
954 1958 1042 1993 quod]
1063 1958 1129 1992 quia
1148 1958 1205 1984 FO
1216 1960 1226 1993 ΙΙ
1244 1962 1260 1985 5
1279 1959 1438 1986 indicantur

162 1991 236 2025 0116
255 1990 417 2017 immolatur
436 1991 502 2016 LH
518 1993 595 2025 (corr.
617 1991 636 2024 l)
651 1991 660 2025 ΙΙ
679 1992 708 2017 et
727 1999 791 2018 caro
811 1993 1003 2020 sacerdotibus
1022 1994 1134 2027 proficit
1151 1995 1238 2021 edidit
1256 1994 1411 2028 Stephanus
1429 1995 1438 2030 Η

159 2029 175 2052 9
194 2026 297 2060 proicit
316 2026 373 2053 FO
398 2026 534 2060 proiciam
553 2026 619 2052 LH
623 2027 659 2052 M
663 2026 694 2052 E
714 2027 724 2060 ΙΙ
743 2030 776 2053 10
796 2028 828 2054 ut
846 2035 896 2054 om.
916 2029 981 2055 LH
1005 2030 1034 2055 et
1052 2029 1082 2055 E
1103 2030 1113 2063 ΙΙ
1142 2033 1173 2056 13
1194 2040 1279 2057 τνΒΒΑ
1298 2040 1395 2057 somus
1415 2031 1439 2057 si

159 2063 216 2088 tres
235 2062 308 2094 sunt,
327 2062 467 2096 quomodo
486 2062 587 2089 turba?
612 2061 743 2089 solvitur:
767 2062 857 2097 figura
876 2064 1017 2098 emphasis
1036 2065 1091 2098 est3
1109 2073 1175 2092 nam
1194 2066 1250 2092 tres
1270 2067 1335 2092 sunt
1354 2066 1383 2092 et
1401 2066 1437 2093 ad

159 2097 306 2124 saevitiam
325 2097 423 2124 retulit
442 2106 538 2124 earum
557 2098 668 2124 turbam
687 2097 878 2132 impetumque
898 2100 1020 2126 ostendit
1038 2108 1058 2126 e.
1078 2109 1101 2134 q.
1120 2109 1141 2127 s.
1161 2101 1191 2127 D
1204 2102 1213 2135 ΙΙ
1231 2100 1334 2136 tribus]
1354 2102 1438 2127 turba

161 2132 184 2159 G
194 2133 204 2166 11
217 2132 357 2166 loquimur
377 2133 414 2159 M
425 2134 435 2167 fl
452 2136 483 2159 15
503 2142 587 2167 quare
607 2133 690 2160 turba
710 2142 772 2160 cum
791 2134 847 2160 tres
867 2134 968 2162 dixerit
987 2157 992 2162 .
1009 2157 1015 2162 .
1032 2157 1038 2163 .
1059 2136 1108 2162 alii
1126 2136 1226 2162 uolunt
1245 2136 1356 2163 easdem
1378 2145 1437 2163 esse

158 2176 256 2202 parcas
276 2169 307 2194 in
324 2177 410 2202 marg).
433 2169 458 2194 T
469 2170 479 2203 ΙΙ
495 2172 527 2195 16
547 2168 596 2195 tris
616 2168 646 2194 F
657 2169 666 2203 ΙΙ
683 2172 714 2195 19
734 2168 784 2195 tris
804 2169 855 2204 Fss
869 2179 886 2197 a
920 2171 982 2205 yiae
1003 2171 1054 2205 Fu
1067 2171 1141 2198 funis
1157 2171 1187 2197 F
1203 2172 1293 2198 Furiis
1312 2172 1416 2198 Daniel
1430 2173 1438 2206 Η

158 2206 191 2229 21
212 2203 309 2230 datum
328 2203 364 2237 F,
383 2212 451 2231 corr.
471 2205 575 2231 Daniel
589 2205 598 2238 n
617 2207 650 2230 22
671 2204 743 2231 circa
763 2205 867 2238 praeda
922 2206 945 2233 0
955 2207 964 2240 ΙΙ
984 2210 1018 2233 23
1037 2207 1217 2241 amplectitur
1235 2207 1275 2234 sic
1294 2207 1364 2234 dixit
1383 2207 1441 2234 FO

159 2238 295 2273 praedam
313 2240 462 2266 omittentes
475 2241 484 2274 Ι]
498 2243 533 2266 24
551 2240 614 2274 pira
634 2240 657 2266 C'
661 2240 697 2266 M
719 2248 788 2274 pera
802 2240 836 2266 H
845 2242 855 2275 ΙΙ
869 2242 1007 2275 quaedam
1026 2250 1076 2270 om.
1092 2242 1150 2268 FO
1155 2243 1190 2269 M
1195 2242 1225 2268 E
1237 2243 1246 2276 ss
1260 2246 1294 2268 25
1314 2251 1346 2269 eo
1363 2242 1438 2276 quod

159 2274 254 2301 volam
272 2274 311 2300 im
332 2274 409 2301 leant
426 2275 487 2302 hab.
505 2275 533 2302 Ο.
553 2276 587 2308 cf.
603 2275 677 2302 Serv.
697 2276 735 2302 ad
747 2283 835 2310 yeory.
851 2277 877 2303 II
892 2278 996 2311 881126
1016 2278 1054 2304 ad
1071 2278 1174 2312 polluit
1192 2286 1267 2311 supr.
1287 2286 1353 2305 vers.
1373 2286 1434 2304 con·

161 2309 248 2372 tffgi't
256 2319 307 2371 ivm
328 2318 343 2337 e
368 2311 397 2337 et
415 2311 582 2338 sacrificium
600 2311 741 2345 pollutum
760 2313 921 2340 contactum
940 2313 1043 2340 dicitur
1063 2314 1088 2339 Τ
1114 2314 1123 2347 ΙΙ
1151 2316 1184 2340 28
1205 2313 1301 2340 Sabini
1320 2314 1437 2341 Daniel:

159 2353 176 2372 a
196 2354 236 2371 1111
