1630 2684
464 143 577 172 COMM.
598 143 637 170 IN
655 143 764 171 VERG.
783 143 866 171 AEN.
886 144 919 172 11.
940 146 1054 171 80—84.
1333 145 1395 176 231

116 238 190 260 cum
218 226 331 259 Ulixes
362 225 596 258 frumentatum
625 225 743 257 missus
772 225 811 257 ad
841 225 1012 258 Thraciam
1041 226 1124 258 nihil
1154 227 1350 269 advexisset,
1380 239 1399 259 a

117 280 293 312 Palamede
315 281 366 312 est
388 279 596 311 vehementer
620 279 810 320 increpitus.
838 281 871 311 et
894 290 967 311 cum
992 280 1113 312 diceret
1136 281 1214 312 adeo
1239 292 1304 313 non
1328 292 1398 313 esse

116 333 356 376 neglegentiam
381 343 486 374 suam,
509 334 546 364 ut
569 344 609 364 ne
633 333 703 374 ipse
727 332 857 374 quidem
880 333 907 364 si
927 336 1076 375 pergeret
1095 334 1267 375 quicquam
1286 336 1398 375 posset

116 387 287 428 advehere,
314 385 477 428 profectus
506 385 695 418 Palamedes
724 386 853 418 infinita
882 386 1045 418 frumenta
1075 387 1210 418 devexit.
1258 398 1321 428 qua
1350 387 1397 419 in-

116 440 204 482 vidia
226 439 338 472 Ulixes
368 439 469 471 auctis
498 439 678 470 inimicitiis
710 439 819 471 fictam
849 439 1023 480 epistolam
1047 439 1169 471 Priami
1197 440 1328 471 nomine
1357 441 1397 472 ad

115 493 334 534 Palamedem,
358 503 416 534 per
441 503 537 534 quam
562 493 680 534 agebat
705 493 828 535 gratias
853 493 1048 534 proditionis
1069 495 1101 524 et
1120 494 1398 525 commemorabat

115 548 273 580 secretum
297 545 368 577 auri
391 545 517 587 pondus
550 557 620 578 esse
643 546 887 588 transmissum,
916 546 1005 578 dedit
1034 547 1177 588 captivo,
1206 548 1238 578 et
1267 558 1338 578 eum
1363 547 1398 578 in

114 600 231 632 itinere
253 599 331 631 fecit
354 598 465 631 occidi.
512 599 593 631 haec
616 599 749 632 inventa
778 611 867 631 more
896 600 1033 632 militiae
1061 600 1132 641 regi
1157 600 1267 631 adlata
1291 602 1341 632 est
1365 602 1397 632 et

113 653 199 686 lecta
220 652 423 694 principibus
448 653 646 684 convocatis.
691 654 768 684 tunc
792 653 904 685 Ulixes
936 664 1008 685 eum
1035 664 1068 685 se
1094 653 1259 685 Palamedi
1284 653 1396 685 adesse

113 706 296 748 simularet,
320 706 384 748 ait,
408 706 436 738 si
460 717 572 737 verum
597 717 668 738 esse
690 706 836 748 creditis,
860 707 893 738 in
917 707 1058 738 tentorio
1079 706 1146 738 eius
1167 718 1280 738 aurum
1300 718 1394 748 quae-

113 761 212 792 ratur.
259 771 323 802 quo
355 759 460 808 facto,
476 760 608 792 invento
639 772 734 802 auro,
768 761 853 802 quod
886 761 955 802 ipse
988 772 1046 802 per
1075 762 1202 792 noctem
1237 761 1396 802 corruptis

114 813 216 846 servis
254 813 485 854 absconderat,
522 813 712 846 Palamedes
750 814 912 855 lapidibus
950 814 1163 855 interemptus
1201 816 1258 845 est.
1313 814 1398 845 hunc

113 869 222 900 autem
251 869 379 899 constat
407 867 508 899 fuisse
535 868 735 909 prudentem.
781 879 856 899 nam
886 869 918 900 et
947 868 1094 900 tabulam
1117 867 1186 909 ipse
1210 867 1334 899 invenit
1357 867 1398 899 ad

112 921 361 963 conprimendas
386 921 484 953 otiosi
509 921 682 953 seditiones
707 922 881 962 exercitus,
905 923 941 953 ut
967 920 1072 952 Varro
1097 922 1246 952 testatur.
1288 931 1397 952 secun-

112 974 188 1007 dum
208 974 365 1016 quosdam
385 974 453 1015 ipse
473 974 617 1016 repperit
636 974 773 1006 litteras.
811 985 893 1016 quae
912 985 963 1005 res
982 974 1068 1006 forte
1088 974 1131 1006 sit
1151 973 1264 1015 dubia,
1288 976 1397 1005 tamen

113 1029 236 1060 certum
261 1030 311 1060 est
330 1039 347 1057 *
362 1040 380 1069 χ
405 1028 445 1060 ab
470 1028 531 1059 hoc
555 1028 705 1059 inventas
731 1039 802 1059 cum
826 1027 847 1059 h
867 1028 1075 1069 aspiratione.

201 1082 252 1114 82.
290 1090 431 1114 INCLITA
455 1089 587 1113 GLORIA
610 1083 744 1122 propter
768 1081 922 1113 dilectum
948 1084 980 1113 et
1002 1079 1175 1113 frumenta.

201 1135 253 1167 83.
290 1143 400 1167 FALSA
425 1143 488 1167 svn
511 1143 727 1167 PRODITIONE
757 1135 816 1166 sub
845 1135 929 1167 falso
955 1135 1088 1166 crimine
1112 1135 1317 1176 proditionis.
1364 1137 1397 1167 et

110 1199 178 1221 rem
201 1190 315 1221 notam
343 1199 401 1230 per
430 1189 607 1220 transitum
636 1188 728 1229 dioit3
759 1188 842 1219 unde
867 1190 899 1220 et
926 1188 1024 1229 paulo
1052 1190 1127 1229 post
1156 1187 1258 1220 ‘haud
1281 1189 1396 1230 ignota

110 1241 248 1284 loquor’.
299 1252 495 1284 quamquam
524 1242 570 1273 ibi
600 1241 705 1283 possit
737 1241 899 1283 intellegi,
932 1241 1019 1272 haud
1052 1241 1166 1282 ignota
1198 1241 1306 1283 nobis,
1340 1242 1395 1273 sed

111 1295 196 1327 forte
216 1295 316 1327 etiam
336 1295 376 1327 ad
395 1306 453 1327 vos
473 1295 580 1337 potuit
603 1295 780 1336 pervenire.
819 1294 983 1326 sciendum
1003 1305 1081 1326 sane
1099 1294 1221 1326 factum
1241 1294 1302 1326 hoc
1321 1306 1395 1326 vere

112 1350 145 1381 et
167 1349 326 1381 Troianos
350 1349 458 1381 scisse.
496 1349 551 1380 sed
576 1347 679 1380 Sinon
703 1348 818 1380 callide
843 1347 936 1389 quasi
960 1347 1188 1390 ignorantibus
1213 1359 1295 1389 quae
1318 1359 1396 1380 vera

111 1404 187 1435 sunt
210 1402 302 1444 dicit,
326 1404 363 1433 ut
386 1402 429 1433 fid
448 1444 450 1447 Ι
507 1402 717 1444 sequentibus
741 1401 850 1433 faciat.
940 1414 1064 1433 PELASGI
1085 1412 1105 1433 a
1128 1401 1257 1442 Pelasyo
1283 1401 1396 1433 Terrae

110 1456 190 1496 filio,
214 1456 268 1496 qai
290 1456 325 1487 in
348 1412 490 1487 Arcaiiiiz
510 1456 631 1496 yenitas
654 1456 779 1497 dicitur,
803 1458 838 1486 at
860 1454 1016 1487 Hesiodus
1039 1455 1143 1486 tradit.

200 1510 251 1542 84.
289 1517 448 1541 INFANDO
473 1506 610 1541 'INDICIO
639 1510 772 1550 propter
801 1519 915 1550 aurum
942 1508 1024 1539 clam
1049 1508 1261 1549 suppositum.
1330 1507 1393 1539 ‘in-

111 1562 206 1595 dicio’
230 1565 332 1594 autem
355 1563 513 1594 delacione.
595 1571 677 1600 QVIA
696 1571 810 1593 BELLA
830 1570 992 1593 VETABAT
1017 1561 1083 1592 iam
1106 1561 1167 1593 hoc
1190 1561 1310 1593 falsum
1335 1563 1394 1602 est,

111 1616 166 1648 sed
189 1616 308 1648 dicitur
331 1616 371 1647 ad
396 1615 524 1648 Sinonis
549 1615 876 1654 commendationem3
904 1625 979 1646 nam
1002 1615 1100 1646 aliam
1123 1614 1158 1646 ob
1182 1625 1307 1646 oausam
1331 1614 1394 1645 Pa-

184 1706 216 1729 13
236 1711 302 1729 nam
321 1704 350 1730 et
366 1704 494 1731 tabulam
514 1726 519 1731 .
540 1725 546 1730 .
567 1724 572 1730 .
593 1703 727 1738 testatur]
748 1702 782 1730 cf.
801 1702 865 1729 Isid.
887 1711 924 1729 or.
945 1702 1035 1729 XVIII
1056 1705 1089 1728 60
1107 1703 1116 1736 ΙΙ
1136 1705 1169 1728 24
1188 1701 1337 1736 Hesiodus]
1359 1702 1392 1728 cf.

110 1738 209 1772 fragm.
230 1741 263 1765 55
283 1747 326 1772 aP.
347 1739 541 1766 Marckscheff.
562 1741 599 1774 (p.
620 1740 682 1773 301)

184 1822 195 1845 1
216 1819 330 1845 tratiam
346 1819 371 1845 L
395 1819 513 1846 trainam
529 1820 558 1845 H
585 1818 696 1845 Troiam
716 1819 839 1853 mythoyr
855 1819 874 1843 Ι
887 1819 896 1851 ΙΙ
911 1817 1053 1844 adfixisset
1068 1817 1099 1843 H
1111 1818 1120 1851 ΙΙ
1134 1820 1150 1843 4
1170 1817 1325 1851 palamedis
1340 1817 1372 1842 H
1391 1831 1393 1841 ι

111 1857 127 1880 5
146 1854 241 1881 fictam
260 1863 293 1881 ea:
311 1855 416 1882 factam
435 1855 460 1880 L
474 1856 483 1889 ΙΙ
503 1858 518 1881 6
537 1863 587 1888 per
606 1862 690 1888 quem
709 1854 774 1880 LH
799 1855 892 1887 (quam
912 1854 921 1879 I
950 1854 959 1887 ΙΙ
981 1856 995 1879 7
1017 1853 1167 1887 secretum]
1188 1853 1294 1878 certum
1313 1852 1393 1878 Guel-

109 1890 176 1923 ferb.
193 1890 213 1915 Ι
225 1890 234 1924 ΙΙ
249 1893 265 1916 8
284 1890 364 1925 fecit]
384 1890 466 1917 iussit
484 1891 564 1924 zealyo
578 1891 587 1924 ΙΙ
602 1890 698 1916 adlata
711 1890 754 1915 H:
774 1889 862 1915 allata
876 1889 927 1914 112¹
962 1889 1092 1922 mythoyr.
1110 1889 1130 1913 I
1148 1887 1244 1914 oblata
1262 1888 1392 1922 rnythoyr.

112 1926 153 1951 II
170 1928 195 1952 et
214 1926 351 1958 Guelferb.
368 1926 410 1951 II
428 1929 490 1952 teste
508 1926 599 1952 Bodio
613 1926 622 1959 ΙΙ
638 1928 668 1951 11
690 1926 718 1951 et
736 1924 850 1951 invento
871 1924 1007 1956 Gaelferb.
1028 1924 1048 1949 I
1074 1923 1243 1956 inventoque
1262 1923 1392 1956 mythoqr.

111 1961 153 1987 II
165 1961 175 1995 ΙΙ
191 1964 222 1987 12
243 1961 413 1988 abconderet
426 1962 451 1987 L
471 1961 668 1994 (absconderat
681 1961 700 1994 l)
715 1961 724 1994 ΙΙ
740 1964 771 1986 13
792 1960 882 1986 aleam
903 1959 1029 1986 tabulam
1056 1959 1206 1985 Vossianus
1224 1959 1393 1990 Burmanni,

112 1997 175 2023 inde
194 1996 286 2023 aleam
306 2005 338 2023 ac
357 1997 484 2023 tabulam
503 1997 572 2023 coni.
592 1997 775 2022 Burmannus
796 1996 805 2029 ΙΙ
830 1998 863 2021 14
881 1995 1014 2029 testatur]
1035 1994 1104 2020 dicit
1124 1994 1160 2020 M
1179 1994 1188 2028 ΙΙ
1213 1997 1245 2020 16
1265 1995 1393 2020 lacunam

111 2032 243 2060 indicavi.
277 2032 346 2067 llsssz
361 2033 387 2058 L
410 2033 492 2065 (duae
510 2033 615 2058 litterae
634 2032 733 2058 deletae
751 2033 825 2064 swnt)
845 2041 860 2064 χ
879 2031 912 2056 Η
917 2031 952 2056 Μ
957 2030 986 2055 Ε
1004 2030 1194 2064 mythoyraphi
1212 2031 1265 2062 θφ
1276 2039 1292 2063 χ
1312 2029 1392 2055 Guel-

111 2068 178 2100 ferb.
199 2068 219 2092 Ι
241 2070 303 2094 teste
325 2069 424 2094 Bodio.
462 2069 497 2101 ef.
529 2068 664 2094 Victorini
687 2076 712 2093 a.
741 2075 853 2100 yramm.
875 2075 904 2099 p.
927 2068 989 2099 194,
1011 2069 1043 2092 14
1062 2067 1094 2092 K.
1119 2067 1143 2091 et
1167 2065 1254 2091 Keilii
1277 2065 1391 2091 adnota-

111 2103 157 2129 tio.
197 2112 211 2129 e
224 2109 269 2136 φκ
295 2103 332 2130 ab
358 2104 410 2131 hoc
436 2103 563 2130 inventas
588 2112 650 2129 cum
670 2112 687 2128 n
706 2103 776 2129 coni.
796 2102 832 2128 F.
852 2102 1000 2128 Schoellias
1028 2100 1197 2134 aspiratione
1224 2100 1362 2126 secludens

112 2138 242 2164 inuentae
260 2138 324 2164 LH
345 2139 481 2172 Guelferb.
503 2140 535 2164 1.·
558 2139 702 2165 inuentam
723 2138 756 2163 M
780 2138 911 2171 nzythoqr.
933 2137 952 2162 Ι
983 2136 1130 2162 inuentum
1149 2136 1179 2162 E
1200 2136 1331 2170 mythoyr.
1353 2136 1394 2161 II

113 2173 268 2206 (inuentam
282 2175 305 2207 e)
319 2175 329 2208 ΙΙ
343 2175 361 2200 h
381 2174 551 2209 aspiratione
571 2175 646 2200 LH:
664 2173 834 2207 aspiratione
857 2172 926 2198 ME
943 2172 1142 2205 mythoyraphi.
1161 2171 1290 2205 respectu
1310 2171 1327 2196 k
1347 2171 1391 2197 lit-

113 2210 189 2235 terae
210 2208 268 2236 sine
288 2210 458 2244 aspiratione
478 2211 540 2236 add.
562 2210 590 2235 1)
604 2211 613 2243 ΙΙ
635 2212 664 2235 17
686 2210 722 2235 ad
740 2217 764 2234 v.
785 2212 817 2234 82
838 2207 938 2234 Inclita
957 2207 1057 2268 gloria}
1078 2207 1192 2241 propter
1211 2206 1344 2232 dilectum
1364 2208 1393 2232 et

112 2244 260 2270 frumenta.
280 2245 308 2270 P
322 2246 331 2279 Ι]
354 2255 466 2272 mcmsn
486 2245 574 2272 OLH
591 2246 600 2279 ss
625 2247 656 2271 18
676 2245 713 2271 ad
731 2252 755 2270 v.
775 2246 808 2270 83
828 2243 951 2277 Pelasgi]
972 2251 988 2269 a
1007 2243 1045 2269 Pe
1058 2251 1127 2276 asgo
1147 2264 1152 2269 .
1175 2263 1180 2268 .
1201 2264 1206 2268 .
1227 2241 1321 2267 tradit.
1342 2241 1369 2266 P
1390 2242 1391 2267 l

114 2283 148 2306 20
167 2279 226 2313 sed]
242 2280 265 2306 si
280 2281 306 2306 11
318 2281 328 2315 11
344 2284 376 2308 21
393 2281 534 2308 sciendum
551 2289 600 2307 om.
616 2281 649 2312 L,
668 2288 743 2313 supr.
759 2287 824 2305 vers.
841 2279 904 2306 add.
920 2279 929 2304 l
942 2278 952 2312 ΙΙ
966 2287 1030 2305 uere
1045 2287 1058 2304 e
1071 2286 1146 2311 supr.
1161 2286 1241 2305 vers:
1261 2285 1309 2303 om.
1323 2277 1358 2302 M
1363 2276 1393 2301 E

113 2315 183 2342 bene
204 2314 227 2340 O
252 2315 348 2342 uenire
366 2317 392 2342 L
420 2316 515 2343 uenire
534 2316 566 2342 H
587 2317 597 2350 ΙΙ
622 2319 655 2342 22
675 2316 706 2341 ut
726 2315 749 2341 0
775 2315 815 2347 (et
834 2313 877 2347 0²)
896 2315 906 2348 ΙΙ
928 2317 962 2340 24
981 2313 1115 2340 archadia
1135 2313 1158 2339 0
1173 2314 1182 2346 ΙΙ
1206 2316 1238 2338 25
1259 2313 1295 2338 ad
1313 2320 1336 2338 v.
1357 2314 1391 2337 84

113 2369 229 2397 Infando
243 2369 360 2404 indicio]
379 2370 492 2405 propter
507 2377 604 2396 aurum
621 2391 626 2396 .
643 2390 648 2395 .
665 2390 671 2396 .
686 2367 777 2403 periit.
795 2367 822 2393 P
834 2368 843 2401 ΙΙ
857 2370 891 2394 26
906 2366 984 2402 evm]
1000 2376 1069 2396 evm:
1084 2366 1111 2392 P
1121 2367 1130 2400 ss
1144 2369 1177 2392 27
1192 2364 1348 2400 paladimes
1365 2365 1392 2390 P

1417 447 1432 470 5

1417 713 1448 736 10

1418 980 1450 1004 15

1414 1247 1449 1270 20

1413 1513 1445 1537 25
