1722 2670
488 145 601 174 COMM.
619 145 660 173 IN
680 146 788 174 VERG.
807 147 891 174 AEN.
910 148 958 175 111.
978 151 1127 176 370—379.
1377 149 1442 182 409

165 225 256 259 ‘naon
279 229 306 259 te
328 227 498 260 maioribus
519 227 567 259 ire
581 238 641 268 per
658 228 757 260 altum
775 229 938 269 auspiciis'
966 233 995 262 et
1020 231 1141 271 reliqua
1164 230 1344 272 ‘auspiciis’,
1367 233 1443 273 quia

162 281 305 322 auspicia
326 281 457 320 maiora,
480 283 537 314 aut
558 281 728 315 maioribus
750 283 904 322 dicuntur,
926 283 1036 324 quibus
1053 278 1221 325 &murium
1239 286 1344 317 avium
1362 286 1442 318 alia-

161 344 290 375 rumque
312 345 416 367 rerum
438 334 576 376 eripitur,
600 337 635 367 ut
651 338 746 378 puta,
776 337 804 368 si
821 347 925 377 parra
947 338 993 369 vel
1009 338 1100 378 picus
1123 339 1297 378 auspicium
1320 340 1442 381 dederit,

161 390 190 420 et
211 388 318 420 deinde
340 389 531 420 contrarium
553 389 662 429 aquila
684 390 806 431 dederit,
830 391 1004 431 auspicium
1027 391 1150 431 aquilae
1169 392 1332 432 praevalet.
1374 399 1459 434 erqo·

161 442 236 483 quia
258 444 365 474 notum
387 444 431 474 est
452 452 514 474 esse
536 443 622 483 apud
642 453 775 484 auqurcs
797 445 1007 485 auspiciorum
1027 445 1145 486 qradus
1158 445 1274 487 plures,
1296 448 1325 477 et
1342 456 1442 487 auqur

162 495 298 536 loquitur
319 495 522 536 auguriorum
541 497 650 536 perito,
674 497 739 529 ideo
759 496 946 530 ‘maioribus
964 497 1129 539 auspiciis’
1149 499 1237 530 dixit.
1268 500 1443 539 auspicium

161 550 264 581 autem
296 551 340 581 est
369 549 489 581 volatus
503 594 506 595 γ
520 550 640 591 avium,
669 551 723 590 qui
750 551 869 583 indicat
895 552 1046 593 ayendum
1074 552 1119 584 vel
1151 552 1351 584 omittendum
1382 563 1443 585 esse

160 602 243 643 quod
263 603 332 643 quis
354 603 496 643 coeperit,·
521 604 637 635 dictum
660 604 698 635 ab
720 614 775 636 ave
797 605 990 645 inspicienda
1009 606 1100 646 quasi
1118 606 1308 646 avispicium.
1376 615 1443 638 PER

161 663 282 687 ALTVM
305 666 363 697 per
386 655 525 688 limitem
549 656 699 689 fortunae
723 658 909 699 superioris.

250 708 324 741 376.
363 711 516 750 somam]
541 710 599 742 *id
619 713 664 742 est
684 713 764 743 sorte
786 712 918 743 decernit
939 713 985 744 vel
1007 712 1165 744 sortitione
1187 713 1370 745 distribuit*

160 770 336 794 SORTITVR
360 762 517 805 disponii‚
541 764 681 796 ordinat.
727 766 760 796 et
782 765 864 797 bene
889 765 1010 797 adlusii:
1034 766 1127 807 quasi
1151 766 1314 807 Apollinis
1338 777 1440 798 sacer-

160 814 232 858 dos,
256 816 346 848 cuius
370 817 521 858 propriae
545 819 622 849 sunt
646 819 759 850 sorbes.
857 827 1062 857 VOLvervss
1087 827 1186 851 VICES
1210 819 1355 851 definitio
1379 820 1441 851 fati

160 868 335 901 secundum
350 869 501 912 Tullium,
525 870 580 912 qui
604 871 651 902 ait
673 871 795 903 fatum
819 874 878 904 est
902 873 1061 904 conexio
1085 884 1209 904 rerum
1233 883 1299 914 per
1323 874 1441 904 aeter-

158 922 324 954 nitatem
348 934 385 955 se
409 924 575 955 invicem
599 926 748 966 tenens,
771 936 867 967 quae
892 937 959 957 suo
985 926 1120 958 ordine
1144 928 1182 958 et
1205 927 1289 968 lege
1313 927 1442 958 varia-

158 977 222 1007 tur
245 976 302 1008 ita
325 978 467 1018 iamen,
491 979 532 1008 ut
555 977 640 1018 ipsa
663 979 837 1010 varietas
861 979 1004 1011 habeat
1028 980 1310 1013 aeternitatem.
1347 980 1442 1012 ethic

159 1027 268 1061 ‘vices'
300 1030 538 1072 vicissitudines,
574 1031 652 1063 alibi
677 1032 831 1074 pericula,
868 1035 903 1064 ut
936 1033 989 1074 <11
1016 1033 1104 1074 433>
1137 1034 1315 1066 vitavisse
1346 1034 1442 1066 vices

161 1081 347 1115 Danaum.

253 1137 326 1169 377.
363 1146 477 1170 PAVGA
501 1147 574 1169 ΤΙΒΙ
597 1147 619 1169 Ε
643 1147 774 1171 MVLTIS
799 1139 861 1172 duo
886 1151 920 1171 se
945 1140 1022 1172 dicit
1045 1151 1115 1171 esse
1139 1140 1308 1182 dicturum,
1333 1151 1440 1182 quem-

163 1190 335 1223 admodum
359 1191 466 1232 possit
483 1192 554 1223 tute
573 1192 737 1234 navigare,
762 1194 794 1224 et
813 1193 929 1234 quibus
950 1193 1052 1235 signis
1072 1193 1187 1225 Italiae
1206 1204 1307 1235 regna
1326 1204 1441 1235 cogno-

159 1245 239 1276 scat.
351 1253 504 1277 HOSPITA
527 1254 690 1283 AEQVORA
715 1246 835 1287 vicina3
867 1247 951 1278 nihil
976 1247 1061 1278 enim
1085 1247 1179 1279 nobis
1203 1247 1347 1289 hospitio
1371 1258 1440 1279 esse

160 1297 298 1330 vicinius
323 1299 462 1329 constat.

248 1351 321 1384 378.
358 1363 484 1383 avsomo
506 1364 603 1384 poam
627 1355 662 1384 ut
689 1353 724 1384 in
746 1353 903 1392 Ausonia,
936 1355 1027 1394 quasi
1054 1355 1088 1386 in
1109 1357 1206 1395 portu
1233 1357 1261 1386 et
1287 1355 1323 1386 in
1346 1354 1441 1393 litare,

158 1405 357 1445 conquiescat.

248 1459 322 1491 379.
358 1468 557 1492 Pnofflssrmr
582 1468 657 1491 ΝΛΜ
681 1468 816 1492 CETERA
840 1469 940 1493 scum
964 1460 1017 1493 hic
1037 1461 1314 1504 distinguendum
1339 1463 1371 1493 et
1391 1462 1440 1492 est

160 1523 272 1544 sensus
310 1511 433 1544 ‘cetera
470 1515 502 1544 te
531 1513 613 1545 scire
641 1524 707 1545 non
731 1513 842 1545 sinunt
864 1514 947 1556 fata,
976 1514 1138 1546 Helenum
1162 1526 1238 1548 vero
1261 1515 1342 1546 Iuno
1366 1525 1439 1556 pro-

160 1565 254 1597 hibet:
277 1565 383 1597 dicere
408 1566 507 1598 etiam
532 1578 569 1598 ea
594 1577 674 1608 quae
699 1566 809 1598 audire
828 1567 986 1609 poteras’,
1011 1570 1043 1600 et
1062 1570 1156 1600 vacat
1178 1568 1279 1610 ‘que',
1303 1570 1340 1600 ut
1359 1568 1441 1600 solet

159 1618 354 1660 frequenter.
400 1619 485 1651 male
514 1621 623 1651 autem
653 1620 799 1651 sentiunt
828 1621 883 1662 qui
913 1621 1096 1663 distingunt
1125 1621 1223 1653 ‘scire
1252 1621 1440 1663 Helenum',

159 1682 232 1704 cum
255 1672 430 1714 legerimus
454 1673 488 1704 in
511 1672 642 1704 Lucano
667 1672 718 1713 <V
744 1673 829 1714 177>
854 1674 962 1706 venit
986 1676 1094 1706 aetas
1120 1675 1242 1707 omnis
1266 1676 1305 1707 in
1328 1686 1439 1707 unam

159 1726 379 1768 congeriem
411 1726 667 1768 miserumque
699 1729 876 1768 premunt
906 1730 966 1760 tot
997 1729 1151 1760 saecula
1179 1731 1328 1771 pectus,
1361 1729 1439 1760 item

159 1778 240 1810 alibi
264 1779 315 1819 <V
333 1780 416 1821 176>
440 1791 507 1812 nec
531 1781 683 1812 tantum
707 1780 869 1822 prodere
894 1781 974 1813 vati
999 1784 1184 1823 quantum
1209 1782 1309 1814 scire
1334 1783 1438 1814 licei.

159 1834 192 1864 et
225 1832 305 1864 adeo
338 1833 480 1874 repletus
512 1833 643 1865 numine
677 1834 768 1865 novit
798 1835 907 1866 omnia
934 1835 1098 1876 sacerdos,
1129 1838 1165 1867 ub
1192 1836 1371 1868 refreneizur
1400 1836 1439 1868 ad

159 1887 248 1918 cerba
271 1886 418 1918 dicenda:
442 1898 518 1918 nam
543 1887 676 1918 dicendo
706 1886 881 1919 eHelenum
906 1888 1032 1930 farique
1056 1890 1145 1920 vetat
1169 1888 1319 1921 Saturnia
1342 1889 1439 1922 Iuno’

231 1976 263 2000 13
283 1974 434 2000 secundnm
449 1974 587 2010 Tullium]
608 1974 642 2001 de
661 1974 720 2002 fato
738 1974 838 2010 fragm.
854 1978 870 2002 2
890 1984 933 2010 ap.
950 1975 1109 2003 Chi-istium.
1132 1976 1165 2003 ef.
1182 1976 1216 2003 de
1231 1976 1286 2003 div.
1302 1977 1313 2003 Ι
1330 1980 1372 2010 55,
1389 1980 1439 2004 126

233 2057 247 2080 1
269 2055 298 2080 et
322 2054 430 2089 reliqua
457 2055 589 2089 auspiciis
615 2063 664 2081 om.
685 2055 810 2082 Anibi-os.
843 2064 897 2089 pro
921 2057 950 2082 eb
972 2056 1080 2090 reliqua
1103 2057 1177 2083 dedit
1202 2057 1350 2083 manifesta
1371 2057 1439 2084 fides

158 2089 263 2116 Daniel
272 2089 280 2124 Ι4
292 2089 461 2126 ‘auspiciis’]
471 2090 757 2123 fortasse‘maioribus
768 2091 910 2125 auspiciis'
923 2092 930 2125 ΞἸ
941 2091 1133 2127 3auspicium]
1145 2092 1292 2126 augurium
1299 2093 1423 2120 Amb-ros.

160 2125 270 2151 dederit
283 2128 347 2159 post
365 2125 522 2160 auspicium
543 2135 592 2153 om.
612 2126 716 2152 Daniel
729 2128 738 2160 11
753 2130 768 2152 6
788 2126 879 2160 perito
899 2127 1055 2154 FAmbros.
1085 2127 1175 2161 perita
1190 2128 1293 2154 Daniel
1310 2129 1417 2162 primus
1431 2129 1439 2163 l

159 2160 290 2194 auspiciis
316 2169 366 2187 om.
392 2162 517 2188 Ambros.
545 2163 554 2196 11
583 2165 597 2188 7
618 2161 790 2189 omitendum
810 2162 841 2188 F
865 2163 874 2196 ΙΙ
902 2166 918 2189 8
938 2162 1103 2196 avispicium
1126 2163 1251 2190 Ambros.
1276 2166 1301 2190 et
1322 2164 1439 2191 Daniel:

159 2195 315 2230 auspicium
334 2195 365 2222 F
376 2197 385 2231 ΙΙ
399 2207 448 2224 run
466 2207 554 2224 ,imvm
573 2206 622 2231 per
642 2198 730 2224 altum
750 2197 821 2224 dixit
839 2206 889 2232 per
908 2197 1027 2225 limitem
1046 2198 1109 2225 fori.
1131 2208 1190 2233 sup.
1211 2199 1285 2225 Lion
1304 2200 1313 2233 ΙΙ
1329 2202 1361 2225 10
1381 2209 1437 2225 son-

159 2240 238 2258 *rirvn
256 2231 380 2266 disponit
397 2232 566 2268 (disponitur
582 2233 623 2266 F)
643 2232 753 2259 diuinai
770 2233 800 2259 id
819 2234 862 2260 esi?
881 2235 954 2260 sorte
974 2233 1098 2260 decernit
1116 2235 1161 2261 uel
1181 2234 1326 2261 sortitione
1346 2235 1437 2261 distri-

158 2266 221 2293 buit
239 2266 403 2300 (distrubuit
426 2268 457 2300 0)
485 2270 514 2295 et
531 2269 602 2295 bene
621 2277 641 2295 e.
661 2278 684 2302 q.
705 2277 725 2295 ε.
746 2268 803 2295 FO
821 2269 831 2303 ΙΙ
857 2272 885 2295 11
907 2269 1004 2296 allusit
1024 2269 1075 2296 GL
1103 2270 1205 2296 alludit
1225 2270 1261 2296 M
1282 2271 1291 2304 ss
1315 2270 1396 2303 quasi
1414 2273 1438 2296 et

160 2302 226 2328 suni
243 2310 292 2328 om.
312 2303 338 2328 L
357 2304 456 2337 (suppl.
476 2305 496 2338 l)
510 2306 519 2338 ΙΙ
534 2307 566 2330 1-2
583 2304 684 2339 sortes]
705 2304 733 2330 id
753 2305 796 2330 est
813 2313 948 2338 responsa
967 2305 1063 2332 divina
1080 2306 1161 2339 vulyo
1176 2306 1289 2332 additur
1303 2306 1312 2338 ss
1328 2308 1360 2331 14
1375 2306 1437 2339 lege

160 2337 200 2364 sic
219 2338 345 2364 uariatur
364 2338 395 2365 F
409 2339 419 2373 ss
437 2342 471 2366 24
490 2340 550 2375 hij
570 2340 622 2367 hoo
643 2340 673 2366 F
688 2341 697 2374 ΙΙ
713 2343 749 2366 26
769 2348 803 2366 ea.
821 2349 871 2367 om.
891 2340 949 2368 FC
964 2341 974 2375 ΙΙ
992 2343 1026 2367 29
1046 2341 1205 2376 congeriam
1226 2341 1256 2367 F
1267 2342 1277 2375 ΙΙ
1295 2344 1328 2367 32
1349 2341 1436 2376 ceria]

161 2374 255 2400 cetera
273 2373 438 2408 Stephanus,
459 2375 623 2409 Masvicius,
641 2375 823 2403 Burmannus

1461 451 1476 475 5

1461 719 1493 743 10

1461 987 1493 1010 15

1460 1254 1494 1278 20

1459 1522 1492 1545 25

1458 1789 1492 1813 30
