1630 2684
474 146 588 174 ΟΟΜΜ.
608 147 648 173 ΙΝ
668 147 775 174 VERG.
795 146 877 173 AEN.
899 148 918 174 1.
940 151 1089 174 eos—706.
1365 148 1426 179 197

140 231 361 272 sufflieaiuris
387 230 469 262 wilm
498 228 553 260 hoc
582 229 671 260 dixit.
718 228 906 260 ‘mantelia'
938 240 1014 260 vero
1046 241 1065 260 a
1096 230 1246 262 manibus
1278 231 1426 271 terymzdis

139 285 237 326 dicta,
266 286 299 316 ct
325 286 370 316 est
395 283 605 315 nominativus
633 283 787 323 mantele,
816 294 879 324 quo
910 283 1006 314 modo
1035 283 1148 315 torale.
1202 284 1287 325 quod
1316 286 1425 316 autem

141 338 278 380 legimus
301 348 346 369 ne
369 338 483 378 turpe
507 336 623 377 toral,
648 346 791 377 apocope
815 337 872 367 est.

231 391 303 423 703.
340 398 603 429 QVINQVAGINTA
628 389 690 421 hoc
713 391 764 421 est
792 390 922 422 multae.
1014 398 1145 421 omnm:
1169 399 1290 423 nouoo
1316 392 1348 423 id
1374 395 1424 424 est

139 444 365 487 dispositione,
389 443 563 475 secundum
588 442 746 484 Tullium,
771 443 826 484 qui
850 443 883 474 in
907 443 1123 475 oeconomicis
1149 443 1241 484 dicit,
1266 444 1342 486 quid
1367 446 1422 477 ubi

137 498 320 540 ponendum
344 490 401 540 §it3
424 508 482 529 nec
507 497 594 528 enim
619 496 737 528 debent
761 497 913 529 universa
933 497 1095 529 confundi.
1186 506 1278 529 CVRA
1302 507 1421 530 PENVM

137 560 291 584 STBVERE
315 551 399 582 inter
422 562 541 592 penum
565 552 598 582 et
622 550 792 582 cellarium
816 550 878 582 hoc
897 551 1046 592 interest,
1070 551 1155 593 quod
1180 551 1346 583 cellarium
1372 555 1421 584 est
1468 560 1477 565 ”

136 615 312 647 paucorum
335 604 473 645 dierum,
498 603 582 635 unde
607 605 639 635 et
663 603 696 634 in
721 603 838 635 cellam
863 603 980 635 dicitur
1000 604 1195 645 imperatum
1214 604 1420 645 frumentum,

133 669 235 701 penus
266 669 341 690 vero
372 658 529 699 temporis
559 658 659 700 longi.
706 668 783 688 sane
814 657 950 689 dicimus
984 659 1016 689 et
1046 658 1099 690 hic
1128 659 1160 689 et
1188 658 1268 690 haec
1297 653 1339 690 et*
1357 659 1419 691 hoc

133 723 249 754 penus,
273 711 327 743 sed
353 723 372 743 a
395 711 574 743 masculino
600 713 632 743 et
656 723 675 743 a
697 711 853 742 feminino
879 721 996 752 genere
1021 714 1138 753 quarta
1162 714 1211 744 est
1234 713 1418 753 declina-tio,

133 777 153 798 a
180 767 296 798 neutro
327 765 439 807 tertia,
470 777 533 807 quo
563 765 660 797 modo
689 776 787 806 pecus
816 765 951 806 pecoris.
998 765 1083 796 unde
1107 764 1265 797 Horatius
1289 769 1419 807 portet

132 819 328 851 frumenta
356 830 568 861 penusque,
596 819 777 850 masculino
806 830 882 850 vero
912 829 1029 860 genere
1052 818 1190 850 Plautus
1218 819 1294 851 nisi
1324 820 1418 852 mihi

133 883 279 905 annuus
304 883 423 913 penus
448 872 574 914 datur,
598 872 754 904 feminino
774 871 917 904 Lucilius
942 872 1066 914 posuit,
1090 874 1126 904 ut
1150 873 1260 904 uxori
1284 873 1417 915 legata

130 937 261 968 penus.
289 927 425 967 quartae
446 927 554 957 autem
575 926 800 957 declinationis
822 937 892 957 esse
911 925 1043 957 Persius
1063 926 1169 968 docet,
1194 928 1229 958 ut
1253 927 1291 958 in
1315 927 1417 959 locu-

130 979 236 1021 plete
260 991 359 1021 penu
384 979 557 1011 defensis
582 979 794 1020 pinguibus
817 979 985 1011 Umbris.

220 1033 293 1065 704.
331 1042 487 1064 STRVERE
513 1033 675 1074 ordinare,
695 1044 891 1074 conponere,
911 1033 994 1064 unde
1014 1034 1046 1064 et
1066 1035 1244 1065 structores
1264 1034 1416 1066 dicuntur

129 1087 324 1118 ferculorum
353 1087 584 1128 eonpositores.
676 1095 721 1118 ET
745 1095 902 1118 FLAMMIS
926 1095 1091 1118 ADOLERE
1115 1095 1274 1119 PENATES
1298 1088 1414 1120 colere.

129 1141 184 1172 sed
207 1141 336 1172 adolere
365 1140 494 1182 proprie
523 1143 572 1172 est
601 1151 728 1181 augere.
774 1140 807 1171 in
837 1140 937 1171 sacris
967 1141 1074 1171 autem
1104 1137 1174 1171 κατ’
1202 1137 1415 1183 εὐφημισμὸν

128 1194 256 1226 adolere
280 1205 337 1235 per
360 1195 482 1225 bouum
506 1205 602 1225 omen
626 1193 757 1235 dicitur3
780 1204 855 1224 nam
881 1193 913 1224 in
934 1193 998 1224 aris
1018 1204 1084 1224 non
1103 1193 1274 1226 adolentur
1294 1195 1414 1237 aliqua,

127 1247 183 1279 sed
211 1248 397 1279 cremantur
424 1249 452 1278 et
479 1249 708 1278 consumuntur.
800 1259 839 1277 m
860 1258 992 1277 namus
1013 1259 1147 1278 Αυοιεκις
1168 1247 1308 1291 PENATES]
1338 1250 1413 1289 quia
1432 1259 1447 1281 2

130 1303 240 1332 veteres
263 1301 297 1332 in
318 1301 396 1340 focis
419 1301 648 1341 sacrificabant,
671 1303 706 1331 ut
728 1300 792 1340 ipse
814 1299 891 1331 alibi
913 1299 1040 1331 hortor
1062 1310 1187 1332 amaro
1207 1301 1316 1340 focos.

217 1354 289 1386 705.
327 1363 559 1392 Tormnmovu
584 1362 691 1385 PARES
716 1362 855 1384 AETATE
881 1362 1038 1385 mmis'riu
1057 1365 1122 1385 non
1142 1365 1295 1386 numerus
1314 1355 1413 1387 habet

125 1408 390 1449 admirationem,
415 1419 429 1438 s
449 1408 467 1438 d
494 1407 611 1439 aetatis
636 1407 828 1448 aequalitas.

216 1462 289 1493 706.
326 1471 385 1500 QVI
415 1419 563 1492 nzl’lnvs
593 1473 709 1493 MENSAS
733 1473 866 1492 omnm-:NT
897 1460 994 1501 dapes
1028 1470 1140 1502 regum
1174 1463 1266 1503 sunt,
1296 1463 1411 1503 epulae

198 1562 210 1584 1
236 1558 372 1584 mantelia
391 1579 396 1583 .
413 1579 418 1584 .
435 1579 441 1585 .
461 1557 549 1591 dicta]
575 1557 608 1583 cf.
635 1556 698 1583 lsid,
720 1556 788 1590 orig.
810 1557 873 1582 XIX
899 1560 945 1589 26,
966 1561 981 1583 fi
1005 1558 1014 1590 ΙΙ
1037 1561 1052 1583 3
1077 1566 1111 1584 ne
1135 1558 1229 1592 turpe]
1248 1558 1314 1585 Hor.
1334 1568 1376 1593 op.
1397 1561 1408 1585 Ι

123 1598 148 1626 5,
168 1598 201 1621 22
225 1596 235 1628 11
259 1597 273 1620 7
300 1594 373 1620 inter
399 1601 501 1627 penum
527 1613 532 1619 .
554 1614 559 1619 ,
581 1612 586 1617 .
610 1592 701 1627 longi]
729 1592 763 1618 cf.
788 1592 859 1618 Gell.
885 1593 922 1618 lv
948 1596 975 1625 1,
1002 1595 1042 1619 14.
1071 1593 1133 1620 [sid.
1157 1594 1226 1627 orig.
1248 1594 1297 1620 XV
1318 1597 1346 1628 5,
1367 1599 1381 1621 7

123 1634 139 1656 9
159 1638 225 1656 sane
245 1629 363 1656 dicimus
384 1650 389 1655 .
406 1649 433 1656 ..
454 1629 508 1655 hoc
527 1628 626 1662 penus]
647 1628 681 1655 cf.
702 1628 772 1655 Gell.
793 1628 830 1654 lV
852 1631 874 1661 1,
895 1631 910 1654 2
931 1629 960 1654 et
978 1628 1085 1654 Nonius
1104 1638 1130 1662 p.
1152 1632 1182 1655 51
1205 1629 1242 1655 M.
1266 1630 1276 1663 ΙΙ
1300 1633 1330 1656 11
1352 1631 1407 1657 110-

122 1665 223 1700 ratius]
244 1673 286 1699 ep.
308 1666 317 1691 Ι
340 1668 380 1697 16,
401 1668 433 1691 72
457 1665 466 1698 ΙΙ
491 1667 523 1690 12
543 1663 670 1697 Plautus]
692 1664 787 1697 pseud.
809 1664 818 1689 Ι
838 1667 863 1696 2,
883 1667 916 1690 45
940 1665 950 1697 ΙΙ
975 1667 1006 1689 13
1027 1663 1161 1698 Lucilius}
1183 1665 1245 1691 XVI
1266 1668 1280 1691 5
1302 1666 1379 1693 Mffll.
1399 1667 1407 1700 Η

128 1704 160 1727 14
178 1700 302 1735 Persius]
322 1701 372 1727 sat.
393 1704 421 1732 3,
446 1703 480 1727 74
503 1701 512 1733 ΙΙ
538 1702 569 1725 18
589 1699 700 1725 adolere
725 1708 747 1725 e.
764 1708 789 1732 q.
806 1699 839 1733 s.]
865 1700 899 1725 cf.
923 1699 1001 1725 Luct.
1026 1698 1101 1725 Plac.
1125 1700 1161 1726 ad
1186 1700 1256 1726 Stat.
1283 1701 1369 1727 Theb.
1395 1703 1406 1727 Ι

122 1737 197 1771 5141}
211 1740 243 1762 21
264 1735 373 1771 hortor]
394 1737 425 1762 A.
443 1735 480 1761 111
498 1736 619 1768 1341124
639 1735 725 1768 dapes
745 1757 750 1762 .
767 1755 772 1760 .
790 1757 794 1762 .
815 1734 1000 1769 privatorum]
1020 1743 1103 1761 exscr.
1119 1735 1182 1761 Isid.
1200 1736 1268 1770 orig.
1284 1737 1334 1762 XX
1350 1741 1374 1770 2,
1390 1741 1405 1763 6

194 1829 204 1852 1
228 1834 245 1851 a,
264 1834 313 1851 om.
335 1824 358 1851 6
376 1826 462 1858 (supr.
482 1833 548 1850 vers.
568 1825 631 1851 add.
655 1823 699 1857 0²)
723 1824 732 1856 ΙΙ
756 1828 770 1849 2
795 1824 824 1849 ct
842 1823 976 1858 mantele]
1001 1832 1037 1849 an
1055 1823 1113 1850 telo
1133 1824 1159 1849 B
1189 1825 1216 1850 et
1236 1825 1293 1851 telo
1313 1825 1338 1850 L
1366 1827 1405 1858 (ot

121 1870 155 1888 eac
173 1870 241 1888 corr.
267 1870 282 1887 ο
302 1861 333 1887 in
352 1869 370 1886 a.
387 1861 506 1886 mutavit
525 1861 547 1892 l,
567 1860 615 1893 qui
632 1867 765 1892 superscr.
785 1860 797 1883 Ῐ
816 1860 881 1885 autc
906 1859 981 1892 lotis)
1006 1859 1116 1886 anctelo
1136 1860 1169 1885 H
1194 1860 1222 1885 ct
1238 1860 1347 1895 ssssstclo
1370 1861 1406 1887 Μ

120 1898 202 1930 (duae
225 1897 331 1923 litterae
354 1897 458 1929 erasae)
482 1897 547 1921 anto
572 1895 636 1921 lotis
659 1895 819 1920 Burmanni
842 1895 984 1920 Leidensis
1007 1897 1031 1920 ct
1054 1895 1158 1928 Reqius
1186 1896 1314 1922 mantilia
1337 1905 1402 1922 vcro

120 1942 138 1959 a
156 1931 284 1959 manibus
304 1931 369 1958 ante
388 1931 453 1958 lotis
473 1932 502 1957 ct
521 1929 563 1956 cst
583 1929 771 1957 nominativus
795 1930 911 1956 mantile
932 1930 1005 1956 Lion
1028 1931 1037 1963 Ι]
1060 1934 1075 1956 3
1099 1930 1218 1964 legimus
1237 1930 1265 1957 in
1284 1931 1401 1958 Horatio

120 1968 271 1995 Fabricius
293 1968 303 2000 11
326 1970 342 1993 4
362 1967 399 1993 ad
417 1975 440 1992 v.
462 1969 512 1992 703
534 1965 755 1999 Quinquaginta]
776 1965 828 1991 hoc
848 1966 892 1991 est
911 1986 917 1992 .
934 1987 938 1991 .
957 1986 961 1991 .
981 1965 1173 1999 dispositione.
1207 1966 1280 1993 Cura
1298 1975 1401 2000 penum

121 2003 239 2038 struere]
259 2003 332 2030 inter
351 2024 357 2029 .
374 2025 379 2029 .
397 2023 401 2029 .
421 2002 573 2036 pinguibus
594 2001 706 2027 umbris.
727 2001 754 2026 1³
773 2002 782 2034 ΙΙ
805 2000 833 2026 id
853 2001 907 2035 est]
928 2001 1006 2026 deest
1026 2001 1058 2026 H
1078 2001 1123 2027 uel
1143 2001 1222 2028 deest
1241 2002 1269 2028 id
1288 2003 1330 2029 est
1349 2003 1373 2028 J,
1399 2004 1401 2007 ’

119 2061 135 2083 5
155 2056 303 2084 oecomiois
322 2057 349 2082 B
375 2055 556 2091 ssloecomicis
577 2054 600 2081 G
625 2053 821 2088 (oeconomicis
842 2053 887 2087 0²)
911 2054 920 2087 ΙΙ
943 2056 958 2079 8
978 2053 1007 2080 in
1026 2054 1127 2080 cellam
1147 2055 1260 2081 BLM:
1279 2055 1308 2081 in
1328 2056 1400 2083 cella,

120 2093 176 2119 GP
193 2092 293 2119 cellam
312 2092 345 2118 H
364 2094 374 2126 u
397 2091 508 2118 ducitur
527 2091 536 2116 l
559 2091 568 2123 ΙΙ
594 2093 625 2116 10
645 2091 674 2116 et
692 2098 709 2116 a
727 2088 862 2115 feminino
882 2098 930 2115 om.
952 2088 1008 2115 GP
1023 2090 1033 2123 ΙΙ
1051 2098 1068 2116 a
1087 2090 1220 2117 feminino
1241 2091 1302 2116 ΗΒ
1321 2091 1399 2118 femi-

118 2128 184 2154 nino
203 2128 261 2154 BL
283 2129 292 2162 ΙΙ
317 2131 349 2154 12
368 2127 498 2162 penuque
518 2126 545 2152 11
564 2128 573 2159 ΙΙ
596 2125 743 2152 masculini
768 2133 833 2151 uero
857 2125 967 2158 generis
988 2125 1016 2151 P
1036 2126 1045 2158 ss
1070 2128 1101 2151 13
1122 2134 1210 2152 annus
1229 2127 1326 2160 poenis
1348 2128 1375 2153 P
1391 2128 1399 2161 }{

118 2163 206 2190 lucius
226 2163 250 2190 G
269 2165 279 2197 ΙΙ
303 2167 335 2190 15
355 2163 440 2198 plenu
459 2162 484 2188 L
507 2163 516 2196 ΙΙ
542 2165 573 2188 lo
593 2162 629 2188 ad
647 2170 671 2188 v.
688 2164 739 2187 704
759 2160 884 2195 Struere]
899 2160 1028 2187 ordinare
1048 2169 1214 2196 componere
1235 2183 1240 2188 .
1257 2184 1261 2188 .
1279 2183 1284 2188 .
1305 2171 1398 2189 amare

119 2199 202 2225 socos
223 2199 250 2225 P
268 2200 278 2233 ΙΙ
301 2199 443 2225 strictores
464 2198 491 2223 1¹
512 2199 521 2231 ΙΙ
546 2200 578 2223 18
598 2194 662 2223 κατ’
684 2193 862 2230 εὐφημισμὸν
881 2205 930 2222 om.
952 2196 1007 2222 GP
1027 2197 1037 2230 fl
1061 2200 1094 2223 22
1114 2198 1150 2224 ad
1168 2206 1191 2223 v.
1210 2201 1260 2224 705
1281 2199 1397 2224 Centum

119 2242 175 2260 non
192 2243 322 2261 numerus
341 2234 390 2260 sed
409 2233 533 2267 aequalis
553 2233 619 2259 abet
637 2231 858 2258 admirationem.
881 2231 908 2257 P
920 2232 929 2265 ΙΙ
949 2240 1004 2258 non
1023 2241 1153 2259 numerus
1172 2233 1220 2259 sed
1240 2234 1397 2267 aequalitas

118 2269 204 2296 habet
222 2269 436 2296 admirationem
457 2268 501 2306 0ss
514 2271 548 2294 24
568 2269 605 2294 ad
623 2277 647 2294 v.
663 2270 714 2294 70ss
735 2266 787 2298 Qui
807 2266 937 2302 dapibus]
953 2267 1067 2301 quidam
1087 2268 1173 2303 dapes
1189 2277 1286 2303 regum
1302 2269 1401 2295 uolunt

119 2313 194 2338 esse,
212 2305 309 2339 epulas
329 2305 511 2340 priuatorum.
551 2303 686 2337 Onercnt]
711 2302 744 2328 de
769 2304 894 2328 ueterum
918 2311 995 2329 more
1015 2303 1087 2330 dixit
1106 2325 1111 2330 .
1128 2324 1134 2330 .
1151 2325 1156 2330 .
1178 2304 1402 2338 adponebantur.

118 2340 155 2366 Et
172 2341 273 2374 pocula
292 2340 410 2375 ponant]
434 2339 563 2366 similiter
588 2347 663 2365 moro
684 2338 799 2371 antiquo
823 2337 894 2364 dixit
917 2338 984 2371 quia
1007 2341 1099 2373 (quae)
1122 2361 1126 2366 .
1143 2360 1148 2365 .
1166 2362 1171 2367 .
1192 2340 1328 2366 dicuntur.
1351 2340 1378 2366 P
1396 2341 1404 2372 {l

118 2375 231 2409 quidam
251 2376 336 2410 dapes
355 2384 451 2410 regum
472 2375 572 2402 uolunt
590 2383 649 2401 esse
669 2374 766 2408 epulas
785 2373 959 2407 priuatorum
979 2375 1002 2401 C

1440 724 1472 747 10

1437 991 1468 1014 15
