1630 2684
478 142 591 170 COMM.
611 142 650 168 IN
672 142 778 169 VERG.
799 142 881 169 AEN.
902 143 921 169 1.
943 145 1090 171 72542729.
1280 176 1293 186 Ν
1359 145 1423 177 203

142 224 353 267 laquearium.
399 225 509 266 leyitur
531 226 561 256 et
583 223 766 256 lacuarilms.
813 223 917 256 Cicero
943 225 1191 258 Tusculanarum
1220 227 1324 259 tectis
1347 238 1424 260 cae-

142 278 232 311 latis
255 279 428 311 lacuatis.

233 333 305 365 727.
341 341 485 364 NOCTEM
518 340 673 363 vmcvm*
707 332 840 364 luminis
875 334 925 365 est
958 334 1175 374 exaggeratio.
1270 344 1424 367 FVNALIA

144 385 299 419 ‘funalia'
323 386 399 418 sunt
422 396 503 427 quae
532 385 620 417 intra
649 396 755 417 ceram
784 388 872 428 sunt,
903 386 990 418 dicta
1021 397 1040 418 a
1067 386 1213 428 funibus,
1243 399 1321 429 quos
1351 391 1425 420 ante

144 451 238 473 usum
269 439 387 481 papyri
419 449 492 471 cera
524 439 740 472 circumdatos
773 440 915 472 habuere
949 441 1103 472 maiores:
1136 441 1219 472 unde
1253 443 1285 472 et
1313 442 1426 473 funera
1445 449 1460 472 5

144 494 306 535 dicuntur,
337 493 422 535 quod
453 493 546 524 funes
577 493 724 525 incensos
756 494 893 526 mortuis
927 494 1162 535 praeferebant.
1214 495 1272 526 alii
1300 495 1427 535 funalia

142 546 341 587 omeliarum
371 546 453 586 quod
481 547 546 586 †in
576 547 733 578 cieendula
764 547 854 586 lucet,
884 557 958 588 quos
990 547 1103 580 Graeci
1132 545 1281 590 πυρσοὺς
1303 551 1426 580 vocant:

149 600 247 632 Varro
274 600 311 632 de
337 600 401 631 vita
429 599 466 631 P.
489 600 528 632 R.
559 600 708 640 facibus
736 603 800 632 aut
828 601 984 633 candela
1011 602 1177 642 simplici
1199 603 1294 642 †aut
1322 612 1364 634 esc
1390 613 1427 634 eo

141 653 312 693 funiculo
333 653 447 693 facto,
471 664 597 685 earum
619 654 780 695 vestiyia
803 655 898 695 quod
923 655 985 686 ubi
1006 665 1047 686 ea
1072 655 1242 696 fiyebant
1263 655 1427 696 appella—

141 709 231 738 runt
250 707 417 746 funalia.
462 718 523 739 non
547 708 628 739 nulli
651 708 737 748 apud
758 710 867 739 veteres
890 708 1073 740 candelabra
1095 709 1177 740 dicta
1201 709 1329 740 tradunt
1350 719 1428 749 quae
1447 716 1479 739 10

143 761 178 807 in
200 760 351 801 capitibus
377 761 506 793 uncinos
532 761 689 803 haberent,
723 761 832 801 quibus
859 761 949 802 afftyi
977 762 1113 793 solebant
1141 762 1187 794 vel
1213 762 1356 794 candelae
1383 763 1428 794 vel

141 813 232 853 funes
248 814 318 854 pice
341 814 483 846 delibuti:
511 825 589 855 quae
616 815 772 847 interdum
799 818 889 847 erant
909 816 1046 854 minora,
1076 818 1111 847 ut
1134 816 1251 856 qestari
1277 825 1374 847 manu
1401 818 1429 847 et

136 867 293 908 praeferri
316 868 546 908 maqistratibus
569 879 590 900 a
613 879 686 900 cena
708 870 913 901 remeantibus
931 872 1063 910 possent.

233 922 307 954 728.
344 931 404 954 HIC
428 924 518 964 tun03
543 924 593 954 est
617 933 694 964 ergo
719 922 907 954 adverbium
931 923 1098 964 temporis.

234 975 307 1007 729.
345 984 442 1014 QVAM
466 985 578 1008 BELVS
602 977 725 1017 primus
754 988 810 1008 rex
834 976 1058 1017 Assyriorum,
1088 978 1123 1008 ut
1152 988 1250 1018 supra
1279 977 1427 1019 diximus,
1449 984 1480 1007 15

144 1039 225 1070 quos
245 1030 373 1060 constat
393 1028 583 1070 Saturnum,
602 1041 696 1071 quem
716 1032 749 1061 et
769 1028 878 1061 Solem
898 1029 1022 1071 dieunt,
1041 1030 1261 1072 Iunonemque
1281 1031 1429 1070 coluisse,

144 1093 226 1123 quae
250 1082 384 1114 numina
408 1083 507 1114 etiam
532 1083 616 1124 apud
640 1083 738 1115 Afros
768 1085 882 1124 postea
910 1083 998 1114 culta
1022 1085 1105 1115 sunt.
1152 1083 1236 1115 unde
1261 1085 1292 1115 et
1316 1084 1429 1125 lingua

144 1134 267 1167 Punica
289 1135 350 1167 Bal
374 1136 451 1168 deus
477 1136 604 1168 dieitur.
642 1137 726 1178 apud
750 1136 904 1178 Assyrios
930 1139 1038 1169 autem
1063 1137 1122 1168 Bel
1147 1137 1264 1169 dieitur
1288 1138 1427 1179 quadam

144 1199 310 1221 sacrorum
343 1190 468 1221 ratione
502 1193 535 1222 et
566 1190 725 1223 Saturnus
759 1193 792 1223 et
826 1190 890 1222 Sol.
946 1191 1004 1222 alii
1035 1191 1116 1223 hune
1147 1191 1263 1223 Belum
1295 1190 1428 1223 Saturni

144 1242 357 1318 ternporibus—
350 1253 488 1284 reynasse
511 1245 701 1284 eiusdemque
724 1245 772 1276 (lei
795 1244 941 1284 hospitem
962 1245 1060 1284 fuisse
1083 1245 1218 1276 tradunt.
1446 1251 1479 1273 20

218 1351 230 1375 1
257 1348 354 1376 Cicero
373 1349 446 1376 Tusc
466 1349 606 1385 lanarum]
631 1351 643 1376 I
667 1354 714 1384 35,
734 1353 767 1377 85
795 1351 823 1376 et
849 1350 884 1376 IlI
910 1353 957 1383 19,
975 1353 1018 1377 44.
1051 1353 1122 1384 trag.
1146 1350 1225 1377 Rom.
1250 1350 1349 1385 fragm.
1374 1359 1427 1378 rec.

145 1383 264 1418 Ribb.p
292 1387 326 1411 26
347 1384 389 1411 ed
410 1358 465 1418 Hs
477 1350 620 1412 Ennianae
640 1394 714 1426 poes.
735 1386 784 1412 rel
805 1394 857 1412 rec.
878 1386 959 1412 Vahl.
979 1395 1005 1420 p.
1023 1388 1073 1412 104
1096 1387 1105 1419 11
1128 1389 1143 1411 4
1163 1385 1270 1412 funalia
1294 1387 1382 1413 sunt.

144 1420 243 1447 funera
245 1393 404 1455 pdicuntur]
424 1429 509 1448 exscr.
530 1421 592 1448 [sid.
615 1421 676 1455 orig
678 1422 750 1448 ,XX
767 1424 808 1455 10,
828 1424 852 1448 5.
879 1422 912 1448 cf.
932 1422 970 1447 XI
979 1395 1014 1455 l‚2
1034 1424 1068 1448 34
1093 1422 1122 1448 et
1140 1421 1204 1448 XIX
1222 1422 1340 1454 4,1.et
1358 1422 1427 1448 Don.

145 1455 181 1482 ad
200 1455 262 1483 Ter.
282 1456 367 1482 Andr.
388 1456 399 1482 1
421 1460 443 1490 1,
463 1458 568 1491 881115
588 1457 695 1491 primus
717 1478 721 1482 .
740 1479 766 1485 ..
788 1458 817 1483 ct
837 1457 895 1491 Sol]
917 1465 1003 1484 exscr.
1026 1457 1086 1483 Isid.
1107 1456 1176 1490 orig.
1196 1442 1261 1483 VIII
1282 1460 1323 1491 11,
1343 1460 1376 1483 23

219 1558 232 1581 1
253 1554 427 1588 laquearium
452 1555 521 1582 facit
540 1555 644 1582 Daniel
666 1557 675 1589 11
698 1555 801 1589 legitur
825 1576 852 1582 ..
870 1577 875 1581 .
900 1555 1019 1581 lacuatis
1042 1556 1073 1581 in
1096 1557 1172 1581 textu
1195 1556 1273 1582 habet
1298 1555 1402 1582 Daniel

148 1594 163 1617 2
183 1590 322 1624 laqueatis
342 1590 480 1617 Ciceronis
499 1591 565 1617 libri
583 1594 607 1617 et
626 1592 674 1618 lzoc
693 1592 749 1618 loeo
768 1594 792 1618 et
814 1591 894 1618 Tuse.
914 1590 953 1616 ΙΙΙ
971 1591 991 1625 3¹
1011 1591 1105 1624 44.113
1129 1591 1165 1617 ad
1183 1599 1206 1617 v.
1229 1594 1278 1617 727
1299 1591 1427 1625 Funalial

145 1626 252 1653 funalia
271 1634 342 1660 quae
363 1627 427 1653 sunt
447 1626 521 1653 intra
540 1635 644 1660 ceram,
664 1627 740 1653 dicta
759 1635 776 1653 a
800 1627 910 1653 funibus
930 1635 999 1660 quos
1023 1627 1115 1660 (quae)
1139 1627 1205 1653 ante
1229 1635 1309 1653 usum
1329 1627 1430 1661 papyri

146 1670 210 1689 cera
226 1662 411 1689 circumdatos
427 1662 549 1689 habuere
564 1663 696 1690 maiores:
712 1663 784 1689 unde
800 1664 828 1689 et
842 1662 940 1688 funera
955 1662 1092 1688 dicuntur.
1108 1661 1135 1687 P
1146 1662 1155 1695 11
1169 1665 1185 1688 4
1196 1670 1267 1695 quae
1279 1663 1343 1688 sunt
1356 1662 1430 1688 intra.

145 1705 238 1724 ceram
257 1698 362 1724 Daniel
375 1698 384 1731 11
399 1699 462 1724 sunt
476 1698 550 1725 unde
565 1700 629 1725 sunt
643 1698 718 1725 dicta
732 1698 791 1723 BL
812 1699 875 1724 sunt
889 1697 961 1723 unde
977 1697 1033 1723 sint
1048 1697 1124 1723 dicta.
1139 1697 1173 1723 H
1188 1699 1253 1724 sunt
1266 1697 1339 1723 unde
1354 1697 1430 1724 dicta

147 1734 191 1760 M.
215 1733 250 1766 cf.
262 1733 488 1767 Isid.or1'9.X1X
503 1736 543 1766 10,
555 1737 569 1759 5
585 1735 594 1767 11
610 1737 623 1761 7
639 1734 668 1760 in
683 1733 829 1760 cicendula
839 1733 950 1759 Daniel.
970 1733 999 1758 111
1013 1733 1079 1759 fune
1094 1733 1125 1759 ut
1140 1732 1284 1759 cicendula
1294 1733 1430 1759 Barthius

146 1769 183 1796 ad
203 1768 301 1796 Claud.
321 1770 430 1803 epithal.
450 1769 524 1796 Hon.
546 1772 604 1796 206.
630 1770 747 1803 fortasse
766 1769 794 1795 in
814 1769 938 1795 candela.
968 1769 1002 1801 ef.
1024 1768 1133 1794 Paulus
1152 1768 1230 1794 Festi
1247 1776 1267 1795 s.
1287 1776 1311 1795 v
1334 1768 1428 1795 ‘cicin

146 1804 223 1831 dela'
290 1807 324 1831 42
330 1778 388 1831 PM
404 1806 443 1839 118
463 1804 570 1831 facibus
590 1826 595 1831 .
613 1826 618 1832 .
661 1805 780 1839 funalia}
800 1804 908 1831 facibus
924 1805 973 1831 aut
987 1804 1104 1830 candela
1123 1803 1194 1837 simp
1196 1803 1257 1836 nei,
1277 1804 1326 1830 aut
1345 1812 1378 1830 ea
1397 1812 1430 1830 ex

146 1840 270 1867 funiculo
285 1840 360 1867 facta
379 1849 475 1867 earum
494 1840 608 1875 fastigia
628 1840 727 1874 quibus
747 1849 794 1867 eas
814 1840 951 1874 figebant,
971 1839 1151 1873 appellarunt
1169 1813 1277 1866 funalia
1294 1839 1430 1865 Barthius

147 1877 164 1902 l.
184 1876 201 1903 l.
238 1875 356 1910 facibus,
376 1877 425 1902 aut
444 1876 562 1902 candela
581 1876 715 1910 simplici,
735 1877 785 1902 aut
804 1884 837 1902 ex
859 1875 984 1902 funiculo
1004 1875 1093 1908 facta,
1114 1883 1176 1901 cera
1196 1874 1309 1901 vestita:
1329 1874 1429 1907 quibus

147 1919 180 1938 ea
204 1911 341 1945 figebant,
368 1912 552 1946 appellabant
574 1911 680 1938 funalia
708 1911 862 1938 Salmasius
886 1919 970 1938 exerc.
997 1910 1072 1937 Plin.
1094 1918 1123 1943 p.
1149 1913 1208 1937 266.
1250 1910 1358 1937 facibus
1382 1912 1430 1937 aut

148 1947 280 1980 candela,
300 1947 421 1981 simplici
440 1948 489 1973 aut
504 1955 537 1973 ex
552 1947 676 1974 funiculo
691 1947 768 1974 facta
782 1954 845 1973 cera
860 1946 975 1979 vestita,
990 1954 1075 1979 quam
1089 1945 1137 1971 ubi
1152 1945 1318 1980 affigebant,
1333 1946 1429 1980 appel-

146 1982 241 2009 larunt
261 1969 368 2010 fbnalia
387 1982 425 2009 H.
444 1983 594 2010 Ixettnerus
623 1983 757 2010 Varronis
780 1983 812 2009 cle
834 1990 859 2009 v.
877 1982 910 2008 P.
932 1982 965 2009 P.
986 1982 1047 2008 libr.
1068 1981 1107 2008 IV
1130 1989 1199 2015 quae
1221 1983 1315 2008 extant
1334 1990 1365 2015 Ρ.
1387 1984 1429 2008 29.

147 2018 255 2045 facibus
281 2019 329 2045 aut
352 2018 469 2045 candela
495 2018 617 2052 simplici
639 2019 689 2045 aut
712 2026 745 2044 ex
773 2026 836 2044 cera
861 2018 889 2043 et
912 2017 1036 2044 funiculo
1060 1990 1146 2043 factaq
1159 2017 1288 2044 locaiunt
1310 2017 1430 2058 vestigia

147 2055 264 2087 locaque
283 2054 332 2081 ubi
351 2062 385 2081 ea
403 2054 527 2088 figebant
546 2054 726 2089 appellarunt
744 2053 851 2080 funalia
870 2053 905 2080 F.
926 2053 1088 2085 Schoellius,
1108 2053 1156 2086 qui
1171 2055 1284 2086 propter
1303 2061 1431 2086 πυρσους

148 2091 180 2117 de
197 2090 285 2124 siquis
304 2091 366 2124 iqne
385 2090 460 2116 datis
480 2090 630 2116 larionem
649 2090 751 2116 diaezsse
770 2091 863 2115 censet
900 2089 1016 2122 sortasse
1034 2074 1142 2115 facibus
1161 2089 1211 2114 aut
1230 2088 1347 2114 candela
1366 2087 1430 2114 sim-

148 2124 230 2160 plici,
249 2133 282 2152 ex
302 2134 366 2152 cera
384 2126 433 2152 aut
453 2134 485 2152 ex
505 2126 571 2152 sebo
591 2126 620 2152 et
638 2125 761 2152 funiculo
780 2125 868 2151 faeta:
894 2132 989 2150 earum
1008 2123 1128 2158 vestigia
1152 2124 1180 2157 (i.
1201 2132 1220 2149 e.
1240 2124 1310 2150 imas
1326 2124 1429 2157 partes)

148 2135 198 2187 ubi
217 2161 264 2188 affi
267 2161 371 2195 gebant
390 2161 570 2195 appellarunt
588 2161 701 2188 funalia.
723 2162 756 2194 es.
777 2161 906 2186 Doratus
926 2160 942 2186 l
963 2160 979 2186 l.
1001 2161 1010 2193 11
1035 2162 1065 2185 11
1088 2159 1221 2186 candelae
1234 2160 1348 2200 scripsi:
1367 2167 1430 2185 can-

149 2196 262 2223 delaber
267 2170 384 2224 ἕΒαηιέῖ
407 2197 516 2224 solebat
541 2197 586 2223 vel
613 2197 731 2223 candela
755 2196 909 2222 Salmasius
932 2196 949 2222 l.
969 2196 986 2222 l.
1011 2196 1020 2229 11
1045 2198 1075 2221 13
1100 2194 1289 2222 remeantibus
1313 2195 1344 2221 in
1367 2203 1429 2221 con-

150 2234 226 2259 textu
251 2233 340 2259 omisit
363 2233 481 2264 Daniel,
504 2233 578 2259 dedit
601 2233 632 2258 in
657 2232 806 2265 appendice
829 2234 967 2265 tamquam
991 2240 1009 2257 a
1028 2231 1157 2264 iSeioppio
1181 2239 1194 2256 e
1212 2231 1302 2257 codice
1324 2230 1429 2263 supple-

150 2270 215 2294 tum.
229 2268 239 2301 11
258 2271 291 2294 14
311 2269 348 2295 ael
365 2277 389 2295 v.
411 2271 461 2295 728
481 2269 546 2303 Hic]
566 2269 640 2295 tunc.
661 2276 727 2301 ergo
747 2266 912 2293 aduerbium
931 2266 1066 2300 temporis
1085 2268 1134 2293 est.
1157 2266 1184 2292 P
1200 2267 1209 2300 11
1229 2269 1260 2291 15
1281 2266 1317 2291 acl
1335 2274 1359 2291 v.
1380 2268 1429 2291 729

152 2302 241 2334 Quam
263 2303 358 2339 Belus]
383 2304 489 2338 primus
513 2312 561 2330 rex
585 2303 774 2337 Assyriorum,
803 2303 834 2329 ut
862 2310 945 2336 supra
972 2302 1079 2329 dictum
1103 2303 1153 2328 est.
1179 2302 1207 2327 1
1228 2302 1237 2334 11
1260 2301 1364 2327 dictum
1388 2301 1431 2326 est

151 2338 254 2400 tDatm'el
276 2339 285 2372 11
310 2342 342 2365 16
362 2348 444 2372 quem
470 2339 587 2366 eundem
613 2341 641 2366 ct
660 2339 763 2365 Daniel
789 2339 798 2372 11
828 2341 859 2364 19
883 2338 932 2364 alii
960 2337 1151 2365 ...tradunt
1173 2337 1251 2363 habet
1274 2335 1377 2362 Daniel
1400 2336 1428 2362 in

163 2382 196 2400 επ
208 2382 227 2399 u
