1722 2670
306 156 372 188 334
883 154 1007 183 SERVII

305 240 342 269 ut
361 237 524 279 significet
543 236 674 270 ‘retro’.
763 249 910 270 interm-u
927 250 1009 270 mou
1029 237 1100 269 bene
1120 239 1150 276 et
1171 237 1325 269 subtiliter
1342 237 1436 269 etiam
1457 237 1520 269 diis
1540 235 1592 269 in·

305 292 423 323 vidium
438 293 614 332 commovet,
637 293 719 323 atea
741 301 858 332 qaoque
880 291 1018 323 cecidisse
1039 291 1123 323 dicat
1143 301 1222 332 quae
1238 290 1435 332 putabantur
1457 290 1591 323 domm

304 355 379 376 sane
395 344 506 384 fabula
525 344 597 376 talis
619 347 671 376 est.
703 344 894 386 Laomedon,
916 354 972 376 rex
992 344 1211 386 Troianorum,
1234 344 1384 376 sollicitas
1404 353 1462 384 pro
1484 343 1592 385 opibus

304 398 370 430 sais
391 398 471 438 petit
498 397 536 430 ab
560 397 706 438 Apolline
732 400 762 430 et
788 398 945 438 Neptuno,
968 399 1004 430 ut
1030 397 1131 429 Ilium
1157 398 1310 439 cinyerent
1337 397 1437 430 muris
1459 397 1592 430 mercede

270 452 286 482 ὅ
300 453 467 493 promissa.
499 462 558 492 quo
581 451 743 492 impetrato
765 462 844 492 quac
866 451 928 483 diis
948 451 1134 491 promiserat
1158 451 1323 492 deneyavit.
1355 452 1409 483 sed
1426 451 1591 492 Nepam

255 725 286 748 10

254 992 285 1016 15

252 1260 286 1283 ‘20

251 1526 285 1550 25

305 506 406 537 iratus
434 507 524 543 cetos,
558 505 592 536 id
622 507 666 536 est
693 505 813 537 beluam
840 505 999 536 marinam
1027 505 1163 537 inmisit:
1199 506 1281 546 qaod
1308 505 1428 537 malum
1459 503 1592 536 Troiam'

300 559 390 598 ymssi
412 560 486 590 sunt
507 568 576 589 nece
593 558 744 598 filiarum,
767 568 845 599 quas
863 558 951 590 belua
969 558 1145 597 comedebat,
1168 559 1260 590 donec
1277 559 1429 599 apertiore
1446 566 1591 599 responso

305 611 446 644 Hes-iona
473 611 690 643 Lamnedontis
713 611 786 651 'fil-ia
809 613 943 643 monstro
965 613 1175 652 eoeponeretur,
1203 621 1297 652 quam
1320 611 1470 643 Hercules
1495 610 1591 643 Troia

305 675 407 697 eversa
432 665 572 697 liberavit
594 667 622 696 et
644 665 743 696 amico
765 674 821 697 suo
843 664 1003 696 Telamoni
1019 664 1102 696 dedit
1123 674 1256 697 uxorem.
1293 675 1368 697 sane
1385 655 1592 696 Laomedonte

306 719 400 751 occiso
423 718 554 750 Priamo
578 718 734 759 Phryqiae
755 718 882 750 donavit
903 718 1075 758 imperium.

395 772 425 804 4.
463 780 613 804 niveam
632 780 753 803 Exusta
772 771 868 803 multi
892 771 934 803 ad
962 770 1042 802 illud
1066 770 1210 803 referunt
1246 770 1283 812 <1
1302 771 1389 812 602>
1412 779 1590 813 magnum

306 834 401 866 quae
430 836 568 866 sparsa
595 836 661 866 per
689 825 828 856 orbem.
866 826 996 856 constat
1022 835 1161 866 namque
1189 824 1335 856 diversas
1363 826 1474 866 partes
1497 821 1614 856 orbis'

305 878 449 910 tenuisse
469 877 641 919 Troianos,
663 880 699 909 ut
717 878 867 915 Helenus,
891 880 926 909 ut
944 878 1096 910 Antenor:
1122 877 1177 909 sed
1197 877 1311 910 melius
1331 879 1382 909 est
1404 876 1590 920 specialiter

306 931 367 963 hoc
395 931 523 963 Aeneae
552 931 643 972 dare,
673 931 728 973 qui
758 931 932 972 conpulsus
962 931 1106 973 auguriis
1135 933 1185 963 est
1212 931 1358 963 diversas
1381 930 1590 974 terma-hoo

306 988 355 1017 est
379 996 395 1016 e
419 985 551 1026 regione
576 984 713 1026 positas,
737 995 900 1026 quaerere.
923 985 989 1016 ideo
1012 984 1075 1025 (7)
1099 983 1222 1017 ‘incerti
1244 994 1303 1025 quo
1323 984 1394 1024 fata
1414 983 1546 1025 [Μ’.

306 1046 482 1070 mesenus
512 1039 621 1070 autem
655 1049 674 1069 a
703 1037 855 1069 Dardano
884 1038 1006 1080 accipe3
1035 1049 1111 1070 nam
1139 1038 1258 1079 ubique
1286 1037 1401 1070 uberes
1431 1047 1503 1070 esse
1534 1047 1590 1070 eas

305 1092 458 1134 legimus,
482 1093 518 1123 ut
541 1090 577 1131 <1
597 1090 683 1131 531>
707 1091 823 1132 atque
846 1090 964 1122 ubere
988 1090 1160 1132 glaebae.
1195 1093 1252 1122 aut
1274 1089 1447 1132 ‘desertasz
1468 1093 1505 1123 ut
1524 1092 1591 1133 qui-

304 1145 377 1177 dam.
400 1145 518 1186 volant,
545 1155 624 1185 quas
646 1146 675 1175 et
698 1144 851 1176 tenuimus
873 1146 902 1176 et
923 1144 1124 1183 decemimus,
1154 1146 1190 1176 ut
1212 1143 1336 1176 Cretam
1358 1146 1387 1176 et
1410 1143 1590 1179 Thraciam.

394 1198 425 1229 5.
462 1205 627 1229 Avovmls
647 1205 782 1228 Aomvn
797 1205 919 1243 mqvu.
941 1207 1002 1238 pro
1016 1197 1149 1238 ostentis,
1167 1198 1202 1229 id
1217 1200 1263 1230 est
1280 1208 1318 1229 ex
1342 1197 1484 1240 flamma,
1507 1208 1591 1240 quae
1643 1191 1649 1196 ’

305 1254 454 1293 tempora
472 1250 605 1283 Ascanii
625 1253 720 1292 pasta
738 1252 801 1292 est,
825 1261 919 1282 cursu
944 1250 1074 1292 stellae,
1098 1249 1238 1283 Creusae
1261 1250 1490 1295 admonitione,
1507 1263 1591 1295 qnae

305 1305 387 1337 dixit
410 1304 464 1346 <11
490 1304 575 1344 781>
600 1306 638 1336 et
661 1307 805 1336 terram
828 1302 1064 1345 Hesperiam
1088 1304 1229 1336 venies.

394 1359 421 1390 6.
461 1367 524 1390 svn
553 1367 631 1390 IPSA
658 1366 849 1389 mrfflnno
878 1357 969 1389 iuxta
997 1357 1210 1390 Antandrum.
1253 1360 1303 1390 est
1332 1360 1442 1391 autem
1474 1358 1589 1393 civim
1616 1353 1626 1361 ⁴

304 1412 474 1453 Phrygiae,
493 1411 582 1443 dicta
601 1410 801 1452 Antandros,
820 1411 871 1442 vel
890 1410 975 1452 quod
990 1410 1029 1442 de
1043 1410 1155 1443 Andro
1170 1411 1276 1443 insula
1290 1422 1361 1444 eam
1380 1411 1591 1446 condiderunt

305 1465 426 1506 coloni,
450 1465 542 1506 quasi
562 1462 637 1497 ἀντὶ
653 1462 819 1506 ”Ανὸρου,
843 1464 895 1496 vel
915 1464 991 1507 quia
1011 1464 1126 1496 Graeci
1150 1465 1314 1497 venientes
1338 1476 1397 1507 per
1415 1465 1590 1499 Thraciam

305 1529 417 1560 cepere
442 1517 652 1560 Polydorum,
680 1529 738 1560 pro
768 1518 858 1550 cuius
882 1517 991 1559 pretio
1015 1517 1099 1550 hanc
1122 1529 1273 1560 accepere
1297 1518 1478 1562 civitatem,
1506 1529 1589 1562 quae

306 1583 344 1604 ex
363 1572 450 1603 facto
469 1582 587 1603 nomen
606 1571 745 1613 accepit,
768 1571 964 1611 Antandros,
988 1572 1022 1603 id
1043 1574 1090 1604 est
1104 1574 1232 1612 propter
1249 1573 1351 1604 virum
1364 1573 1455 1605 data:
1477 1583 1589 1616 quam-

305 1626 354 1657 vis
378 1625 452 1657 huic
477 1625 622 1666 opinioni
642 1624 808 1666 Vergilius
832 1635 897 1657 non
921 1625 1111 1657 consentiat.
1147 1625 1252 1658 fertur
1274 1627 1384 1658 tamen
1407 1626 1493 1669 quod
1514 1627 1591 1669 post

379 1744 391 1766 1
414 1740 482 1767 bene
503 1762 509 1767 .
530 1761 535 1767 .
557 1761 563 1766 .
583 1739 732 1774 imperium
750 1739 811 1766 hab.
834 1739 859 1765 Τ
871 1740 881 1773 ΙΙ
894 1740 923 1766 et
941 1747 990 1766 om.
1012 1739 1042 1765 F
1053 1740 1062 1774 ΙΙ
1076 1739 1217 1774 suptiliter
1236 1739 1297 1766 FT
1331 1743 1347 1767 2
1367 1741 1526 1768 commovet
1542 1741 1584 1768 in-

306 1775 411 1802 uidiam
429 1775 475 1810 ΤΙΙ
489 1783 551 1802 eam
569 1775 615 1809 ΤΙΙ
633 1783 744 1809 quoque
766 1775 791 1801 T
807 1783 880 1809 quae
899 1774 930 1801 F
940 1775 986 1809 ΙΙΙ)
988 1775 1140 1802 utebantur
1158 1775 1274 1802 deorum
1315 1776 1335 1802 ⁷:
1358 1784 1415 1803 non
1431 1776 1587 1818 putabatur

305 1811 341 1837 ab
356 1811 450 1845 aliquo
465 1819 547 1846 posse
561 1811 667 1837 destrui
684 1811 709 1836 Τ
720 1811 730 1845 ΙΙ
745 1814 760 1837 4
775 1810 810 1837 ab
825 1819 874 1838 om
890 1809 921 1836 F
932 1812 942 1844 ΙΙ
955 1810 1034 1837 illum
1050 1810 1101 1844 Fu
1115 1814 1130 1837 6
1146 1812 1241 1838 coetos
1255 1811 1316 1838 FT
1327 1812 1338 1846 ΙΙ
1350 1785 1451 1839 beluas
1465 1811 1588 1840 marinas

306 1847 379 1879 FT,
399 1847 507 1874 correxi
519 1847 529 1880 fl
542 1846 644 1876 troiam
659 1846 710 1880 Fu
725 1849 739 1873 7
756 1846 833 1873 bella
847 1846 878 1872 F
889 1846 898 1880 ΙΙ
913 1846 1079 1873 comedebat
1096 1846 1133 1872 T:
1153 1846 1335 1874 consumebat
1353 1846 1404 1881 Fu
1417 1849 1434 1874 8
1452 1846 1588 1875 Hercules

306 1882 347 1908 F:
371 1882 486 1916 quidam
509 1882 621 1909 nomine
645 1882 774 1909 heroales
800 1882 825 1908 T
841 1882 851 1915 ΙΙ
872 1885 905 1909 10
928 1881 1056 1916 phrigiae
1078 1881 1102 1908 T
1118 1881 1138 1916 ΙΙ
1145 1881 1306 1923 imperium]
1331 1882 1475 1924 Neptunia
1492 1883 1588 1910 autem

306 1917 406 1951 Troia
434 1918 501 1951 quia
528 1918 675 1952 Neptunus
701 1919 730 1944 et
756 1917 858 1952 Apollo
889 1925 951 1944 eam
975 1918 1064 1944 cinxit
1085 1926 1183 1951 muris,
1211 1917 1284 1945 sicut
1310 1917 1498 1959 praediximus
1521 1918 1586 1947 add.

306 1953 410 1979 Daniel
431 1954 441 1987 ΙΙ
466 1957 495 1980 11
517 1953 599 1979 multi
620 1974 626 1980 .
642 1975 647 1981 .
664 1975 670 1981 .
691 1926 818 1980 orbempo
805 1961 855 1979 om.
876 1952 906 1979 F
921 1953 931 1987 ΙΙ
950 1956 982 1979 12
1002 1952 1077 1979 orbis
1100 1954 1195 1987 partes
1215 1953 1253 1979 Μ
1267 1954 1278 1987 Ι
1296 1956 1328 1980 13
1348 1952 1559 1987 specialiter..
1580 1974 1586 1981 .

306 1988 385 2023 dare]
412 1990 445 2014 ut
473 1989 633 2023 specialiter
660 1990 819 2015 hocaeneae
847 1988 926 2015 daret
950 1988 980 2014 F
1000 1990 1010 2022 ΙΙ
1034 1992 1067 2015 15
1091 1996 1106 2015 e
1129 1988 1256 2024 regione]
1280 1989 1309 2015 in
1335 1988 1447 2015 diuersa
1471 1997 1502 2016 re
1532 1997 1586 2017 one

306 2024 336 2049 F
356 2025 365 2056 ΙΙ
390 2027 421 2050 16
441 2024 547 2058 autem]
572 2025 661 2051 terras
680 2024 711 2050 F
730 2025 740 2058 ΙΙ
760 2023 863 2058 ubique
887 2024 1037 2058 laudantur
1056 2025 1086 2050 et
1103 2024 1202 2051 uberes
1220 2024 1294 2051 Lion
1316 2024 1327 2058 fl
1348 2032 1395 2051 eas
1414 2032 1475 2052 esse
1537 2032 1587 2052 ea!

305 2067 355 2085 om.
377 2059 406 2084 F
417 2060 427 2093 ΙΙ
442 2062 473 2085 17
494 2060 545 2085 ut
585 2059 726 2094 .glaebae
741 2068 790 2086 om.
806 2059 836 2086 F
847 2061 857 2094 ΙΙ
872 2063 905 2086 18
923 2054 1061 2086 trachiam
1076 2059 1107 2086 F
1117 2061 1127 2094 ΙΙ
1143 2062 1175 2086 19
1193 2060 1231 2086 ad
1244 2069 1390 2088 navans:
1402 2059 1477 2087 inter
1494 2059 1587 2095 auspi-

306 2094 380 2120 cium
400 2097 428 2120 et
442 2080 588 2129 auguriuin
603 2095 691 2122 talem
705 2095 870 2122 distantiam
884 2095 1011 2122 fecerunt
1027 2095 1150 2129 ueteres,
1168 2095 1244 2128 quod
1262 2095 1300 2121 sit
1317 2094 1472 2129 auspicium
1491 2096 1587 2123 auium

305 2129 443 2163 inspectio
459 2132 488 2156 et
502 2138 573 2164 quae
589 2139 622 2157 ex
636 2131 733 2157 uolatu
748 2139 844 2158 eorum
859 2132 889 2157 et
903 2130 1017 2157 uocibus
1036 2130 1184 2165 augurium
1203 2132 1296 2157 autem
1315 2139 1407 2157 rerum
1426 2130 1588 2158 coniectura

306 2164 456 2199 diligenter
479 2166 508 2191 et
530 2166 681 2206 prudenter
704 2166 892 2200 amplectitur.
919 2166 944 2192 T
959 2167 969 2200 ΙΙ
987 2167 1081 2200 mvvu]
1104 2165 1228 2200 auguriis
1247 2166 1310 2192 add.
1335 2166 1362 2192 L
1378 2166 1388 2200 ΙΙ
1407 2169 1441 2192 20
1458 2167 1516 2193 tom
1519 2174 1587 2201 pore

308 2201 357 2226 Me
370 2201 380 2234 ΙΙ
393 2200 477 2235 quae]
498 2200 565 2234 quia
585 2201 610 2226 L
628 2209 683 2234 qua
702 2202 734 2235 ll}
748 2205 780 2227 21
801 2202 841 2242 et]
861 2202 899 2228 ad
917 2201 977 2228 FL
989 2203 999 2236 ΙΙ
1013 2204 1046 2228 23
1067 2201 1203 2228 antandro
1217 2201 1282 2227 LH
1296 2201 1395 2234 (andro
1414 2202 1435 2234 l)
1449 2202 1459 2236 ΙΙ
1473 2205 1507 2228 24
1519 2176 1587 2231 1anti
1608 2211 1614 2214 “

306 2236 408 2262 andros
427 2236 458 2262 F
475 2245 633 2262 Auriami‘m
653 2237 679 2262 L
698 2237 849 2270 (contraria
862 2237 930 2263 uiris
948 2245 1080 2272 superscr.
1096 2237 1116 2270 l)
1135 2246 1188 2271 nty
1206 2245 1313 2263 anaror
1332 2236 1366 2262 H
1380 2237 1529 2264 antiandru
1548 2237 1588 2265 M

306 2271 472 2298 antiannor
497 2271 527 2297 E
545 2273 554 2305 ΙΙ
575 2274 608 2297 25
637 2272 723 2314 hanc]
752 2282 773 2298 s.
797 2281 814 2299 a
837 2272 944 2307 priamo
967 2281 1042 2306 supr
1067 2279 1133 2299 vere.
1156 2272 1220 2299 add.
1244 2272 1254 2298 l
1276 2274 1301 2298 et
1323 2272 1353 2298 D
1375 2273 1385 2307 ΙΙ
1408 2281 1507 2313 cepere
1530 2272 1561 2299 F
1576 2272 1586 2309 ΙΙ

306 2310 341 2333 26
359 2307 479 2342 accepit]
504 2307 584 2340 quasi
603 2304 667 2333 ἀντὶ
685 2305 741 2333 «ivd
743 2306 791 2341 ρὸς
809 2309 872 2334 add.
892 2308 930 2342 D,
945 2307 1026 2342 quasi
1044 2305 1107 2334 α’ντὶ
1126 2304 1231 2341 ἀνδρὸς
1249 2307 1278 2334 id
1297 2308 1341 2334 est
1358 2316 1409 2342 pro
1428 2308 1498 2342 viro,
1517 2307 1586 2343 qnia

306 2351 356 2376 pro
371 2342 563 2377 redemptione
572 2342 708 2383 Polydori
726 2343 793 2370 data
810 2343 866 2370 fuit
885 2344 949 2370 add.
945 2317 1118 2370 qFabrioius
1130 2344 1140 2378 ΙΙ
1153 2343 1306 2377 quamvis.
1337 2343 1517 2371 ,consentiat
1533 2351 1585 2372 om.

307 2378 337 2405 F
348 2379 358 2414 ΙΙ
372 2381 405 2406 27
425 2378 512 2414 quod]
532 2378 598 2413 quia
613 2377 643 2405 F

1716 629 1722 662 Ξ

1716 708 1722 727 ὶ

1683 1125 1688 1130 -
1713 1054 1722 1160 Ξ

1713 1163 1722 1296 ξ
