1722 2670
453 153 566 182 comi.
585 130 625 180 111
643 130 752 182 vnno‘.
771 154 855 184 AEN.
876 155 922 184 111.
942 158 1092 185 481-493.
1343 157 1408 189 427

128 246 196 274 eas,
230 237 388 277 quantum
421 237 453 268 16
486 235 536 268 vel
569 235 746 268 amaverim
783 236 834 268 vel
867 239 1016 270 amatura
1048 238 1119 271 sim.
1164 242 1264 280 potest
1292 242 1321 271 ct
1350 250 1410 280 pro

129 287 205 321 ‘diu'
229 289 336 330 accipi.
1059 280 1086 315 N

217 342 292 374 488.
329 350 493 375 (1οΝ117616
516 351 726 374 HECTOREAE
751 342 874 376 dictum
897 346 948 378 est
972 344 1033 376 hoe
1056 346 1170 378 habita
1194 347 1319 379 ratione
1339 358 1409 388 per—

131 406 240 436 sonae,
264 406 337 427 cum
360 406 424 437 qua
447 391 650 437 loquebatur,
675 407 712 428 ae
735 396 763 428 si
787 396 908 429 diceret
933 397 1057 430 ‘uxoris
1082 400 1233 431 avunculi
1256 400 1331 433 tui'.

129 461 267 481 EXTREMA
291 461 410 481 woavu
429 448 475 480 vel
497 459 575 489 quae
593 449 617 480 I
620 450 661 481 lio
685 450 809 482 eaetulit:
832 451 878 483 vel
895 451 975 483 sicut
996 462 1092 492 supra
1116 453 1223 494 <482>
1243 454 1409 494 diyressa
1429 459 1444 483 5

127 504 269 534 maesta
291 511 467 542 supremo.

217 555 291 588 489.
327 563 391 587 nm
410 563 521 587 svpnn
539 563 775 588 ASTYANAcms
795 566 907 589 IMAGO
928 556 1047 599 ‘super'
1068 558 1101 590 id
1121 560 1171 590 661
1190 559 1292 597 valde,
1316 559 1409 591 vehe-
1426 585 1429 588 ,

128 609 267 650 menter,
295 619 459 650 expresse,
488 608 549 640 hoe
580 611 630 640 661,
660 609 754 641 valde
783 610 863 641 mihi
892 621 925 642 es
954 610 1063 652 imago
1089 611 1314 653 Astyanactis:
1346 623 1409 654 quo

128 672 274 693 sermone
305 661 404 693 etiam
434 660 597 693 Homerus
627 661 662 693 in
692 663 791 694 simili
819 663 923 695 utitur
952 663 1199 705 significatione.
1303 667 1408 705 sima]

129 715 184 755 [et]
207 715 287 747 deest
309 714 393 756 ἐπ’,
415 717 451 747 ut
471 715 513 747 sit
534 726 612 756 quae
634 719 781 758 superest,
809 717 844 748 id
865 719 908 749 est
930 720 1037 759 restat,
1059 721 1094 750 ut
1116 719 1150 750 in
1173 721 1276 751 octavo
1299 719 1406 760 <251>
1429 726 1461 749 10

127 778 239 809 neque
265 769 362 800 enim
388 768 479 810 fuya
506 769 580 801 iam
609 779 719 810 super
743 770 826 802 ulla
848 771 987 811 pericli
1009 774 1071 803 est.
1115 772 1226 812 fabula
1248 775 1351 804 autem
1373 773 1410 804 de

128 822 316 864 Astyanacte
346 822 408 854 ista
435 824 495 854 est:
527 826 669 863 superato
701 823 770 855 Ilio
797 834 866 855 cum
899 824 1012 856 Graeci
1038 826 1082 857 ad
1105 826 1248 866 patriani
1278 826 1410 858 redituri

128 876 294 908 contrariis
320 875 446 916 flatibus
471 876 718 918 prohiberentur,
746 876 877 910 Calchas
905 878 1013 910 cecinit
1039 879 1228 911 deiciendum
1251 890 1288 911 ex
1310 880 1410 911 muris

127 929 321 971 Astyanacta
341 929 485 961 Hectoris
507 931 535 961 et
552 929 788 962 Andromachae
809 931 920 972 filium,
944 942 976 963 eo
999 933 1081 972 quod
1101 932 1129 964 si
1151 932 1328 964 adolevisset
1344 933 1408 972 for-

127 983 188 1015 tior
204 985 296 1024 patre
316 983 452 1024 futurus,
475 983 689 1015 vindicaturus
706 986 780 1016 esset
798 984 864 1016 eius
883 984 1051 1016 interitum.
1082 985 1163 1017 hunc
1183 985 1214 1018 U
1216 986 1294 1018 lioees
1312 986 1407 1017 occul-
1430 991 1461 1016 15

128 1038 227 1068 tatum
248 1047 269 1068 α
287 1039 386 1068 matre
403 1046 472 1068 cum
490 1037 660 1079 invenisset,
678 1038 898 1078 praecipitavit
914 1048 930 1070 e
947 1048 1044 1080 marc,
1068 1040 1097 1070 et
1114 1039 1160 1070 ita
1179 1038 1293 1071 Graeci
1313 1040 1409 1071 Troia

123 1090 254 1131 profecti
275 1092 358 1122 sant.

216 1143 292 1175 491.
328 1151 550 1176 PVBESOERET
574 1145 611 1175 111,
635 1143 733 1175 etiam
753 1143 787 1175 in
807 1144 945 1176 secundo
961 1144 1069 1185 <681>
1085 1145 1234 1187 diximus,
1257 1157 1407 1187 9100660-

129 1197 240 1229 nomia.
268 1198 332 1238 est,
364 1198 401 1229 111,
424 1197 598 1229 verisimile
627 1197 671 1229 sit
695 1197 872 1230 Ascanium
895 1198 929 1229 in
953 1209 1038 1230 nono
1062 1199 1207 1240 potuisse
1231 1199 1297 1231 iam
1321 1200 1408 1232 bella

127 1252 278 1283 tractare.
1426 1259 1460 1282 20

216 1304 291 1336 492.
328 1317 507 1338 »manemus
522 1315 580 1346 pro
595 1304 680 1336 ‘cum
699 1303 895 1346 cliyrederer’,
916 1305 1118 1346 participium
1135 1316 1195 1347 pro
1219 1307 1304 1339 verbo
1327 1308 1410 1340 modi

127 1357 321 1390 coniunctivi.
1149 1393 1151 1395 ,

216 1411 291 1443 493.
328 1420 447 1442 Vivnn
472 1420 619 1443 ancns
644 1410 776 1443 ‘vivite’
802 1411 897 1443 modo
922 1411 1002 1443 bene
1026 1412 1169 1453 optantis
1194 1414 1252 1454 est,
1276 1425 1349 1455 non,
1373 1416 1410 1446 ut

130 1464 165 1496 in
194 1464 350 1496 bucolicis
381 1464 483 1505 <VIII
507 1465 581 1506 57>,
613 1464 698 1496 male
727 1464 877 1506 dicentis,
912 1466 948 1496 ut
976 1465 1099 1497 vivite
1127 1465 1264 1507 silvae,
1296 1466 1328 1498 id
1359 1469 1409 1498 est

127 1517 240 1559 perite.
274 1517 381 1549 simile
404 1519 454 1549 661,
477 1519 510 1549 et
530 1517 678 1559 ‘valete',
701 1519 738 1550 111
758 1518 928 1550 Terentius
948 1519 1105 1550 valeant
1128 1519 1193 1560 qui
1216 1519 1319 1551 iuter
1341 1531 1408 1552 nos
1429 1525 1462 1549 25

129 1570 335 1603 discidium
359 1571 503 1603 volunt.
536 1572 611 1602 6111111
630 1572 738 1602 autem
758 1571 837 1603 haee
856 1583 914 1613 per
934 1571 1133 1603 eontrarium
1156 1572 1288 1604 inventa
1312 1574 1408 1605 male-

128 1623 229 1665 dicta,
261 1625 298 1655 111,
326 1624 371 1655 611,
399 1624 493 1665 quasi
522 1624 612 1656 salva
636 1625 812 1656 veneratio.
857 1625 939 1656 illud
963 1625 1138 1667 quaeritur,
1162 1628 1271 1658 utrum
1296 1626 1408 1667 ‘vive',

129 1689 171 1710 an
195 1677 326 1719 ‘vivas'‚
350 1677 383 1709 id
407 1679 457 1709 est
480 1680 590 1710 utrum
614 1689 672 1719 per
695 1678 934 1720 imperativum,
958 1689 999 1710 an
1022 1690 1080 1720 per
1099 1679 1281 1720 optativum
1304 1680 1408 1711 dicere

128 1730 325 1763 debeamus?
358 1732 391 1763 61,
415 1733 543 1763 constat
565 1731 628 1763 diei
652 1731 768 1763 melius
792 1743 850 1773 per
874 1731 1069 1773 optativum:
1093 1733 1200 1774 optari
1226 1733 1311 1764 enim
1335 1744 1408 1774 pos-

199 1830 215 1854 9
235 1827 385 1863 Homerus]
406 1827 457 1854 Od.
477 1828 515 1854 IV
537 1830 586 1854 149
601 1829 610 1862 ΙΙ
625 1830 657 1854 25
677 1828 835 1862 Terentius]
856 1828 941 1855 Andr.
961 1828 999 1855 IV
1018 1831 1097 1861 2,13

199 1919 215 1943 3
234 1916 288 1943 1106
307 1924 356 1944 om.
378 1916 429 1943 GL
442 1917 452 1950 11
467 1919 482 1943 5
502 1917 559 1952 vel]
578 1917 610 1943 ut
628 1917 731 1944 Daniel
744 1918 754 1951 11
768 1919 784 1944 8
804 1917 844 1951 66]
866 1917 952 1944 661’,Η
961 1917 992 1951 Ι]
984 1926 1108 1952 imago.
1120 1917 1336 1960 significatione
1356 1927 1407 1945 om.

129 1952 159 1978 F
176 1953 186 1986 ΙΙ
204 1955 220 1979 9
240 1951 456 1995 significatione]
482 1953 578 1979 κείνου
602 1950 656 1986 γὰρ
681 1954 785 1979 τοιοίδε
805 1952 892 1983 πόδες
910 1953 1017 1979 τοιαίδε
1038 1963 1066 1980 τε
1087 1957 1147 1987 χειρ
1150 1963 1179 1983 ες
1198 1951 1357 1988 ὀφθαλμῶν
1377 1964 1405 1981 τε

131 1987 211 2024 βολαὶ
234 1985 344 2028 κεφαλή
368 1985 394 2014 τ’
416 1985 567 2021 ἐφύπερθέ
593 1998 622 2014 τε
643 1992 737 2022 χαῖται
757 1988 818 2022 (od.
839 1988 878 2014 IV
898 1989 959 2022 149>
978 1989 1041 2015 add.
1062 1989 1213 2016 Fabricius
1239 1989 1248 2023 Ι]
1278 1992 1309 2015 10
1330 1989 1408 2016 deest

130 2024 173 2050 661,
191 2024 222 2049 ut
241 2022 278 2049 sit
296 2031 367 2057 quae
387 2024 513 2057 superest
531 2023 561 2050 id
580 2025 623 2050 661,
641 2025 728 2050 restat
746 2023 893 2058 Hayenus:
913 2024 941 2050 61,
960 2024 1039 2051 deest
1057 2026 1089 2051 ut
1106 2033 1160 2058 que
1179 2025 1216 2051 sit
1235 2026 1361 2058 superest
1379 2025 1408 2051 id

130 2059 174 2086 est
198 2059 285 2085 restet
296 2033 338 2084 qF
372 2059 419 2085 uel
442 2059 521 2085 deest
544 2060 577 2085 ut
595 2059 685 2092 sitque
705 2060 832 2093 superest
850 2059 879 2085 id
898 2060 941 2086 661,
959 2060 1046 2086 restet
1064 2060 1167 2086 Daniel
1204 2060 1249 2087 vel
1268 2060 1348 2087 deest
1366 2062 1408 2087 est

130 2094 222 2128 sitque
246 2095 373 2128 superest
395 2094 424 2121 id
447 2096 491 2121 est
514 2095 599 2121 restet
619 2095 774 2121 Masvicius
806 2095 836 2121 et
861 2095 955 2128 ‘quae'
981 2095 1060 2122 (16661,
1083 2096 1112 2122 et
1132 2095 1207 2129 6,61’
1231 2096 1262 2122 ut
1282 2095 1318 2122 sit
1336 2104 1407 2129 quae

132 2130 267 2163 superest,
286 2129 315 2156 id
335 2130 378 2156 est
396 2131 485 2157 restat
503 2130 573 2156 coni.
585 2130 620 2157 F.
631 2130 780 2157 Schoellius
794 2131 803 2164 Ι]
819 2133 849 2156 11
866 2138 955 2164 neque
974 2130 1030 2157 iam
1050 2130 1117 2165 iuga
1131 2117 1212 2165 supei·
1226 2131 1277 2157 illa
1290 2131 1408 2165 periculi

132 2166 176 2192 661,
190 2165 219 2190 F
231 2165 240 2198 ΙΙ
254 2165 288 2191 de
308 2165 463 2192 astianacte
482 2165 600 2192 historia
614 2165 680 2192 talis
695 2165 797 2200 legitur
812 2167 943 2200 superato
962 2165 1040 2193 ilio..
1053 2166 1184 2200 ,profecti
1198 2167 1262 2193 sunt
1276 2168 1307 2193 in
1321 2175 1407 2201 mary-

130 2201 182 2232 inf.
205 2200 230 2226 Τ
242 2201 252 2233 Ι]
267 2203 299 2226 12
319 2200 482 2227 astianactis
503 2201 533 2227 F
544 2202 553 2235 {l
569 2201 631 2235 llio]
652 2201 711 2228 illic
730 2201 760 2227 F
771 2202 780 2235 ss
796 2205 828 2228 13
848 2201 951 2228 fatibus
971 2201 1001 2227 F
1012 2203 1021 2234 ΙΙ
1036 2202 1126 2228 calcas
1137 2202 1187 2236 Fu
1201 2202 1407 2228 deiuiciendum

131 2235 182 2269 Fu
197 2238 230 2262 14
249 2235 482 2263 andromachisF
494 2237 503 2270 ss
519 2240 551 2263 15
571 2236 642 2271 eius]
663 2237 751 2271 panis
770 2237 896 2271 Danielss
912 2240 943 2263 17
963 2238 1037 2272 sunt]
1057 2237 1151 2272 imago
1171 2237 1333 2265 astianactis
1352 2245 1407 2271 quo

132 2279 258 2298 sermone
278 2271 363 2298 etiam
381 2272 510 2299 homerus
530 2272 559 2299 in
578 2272 664 2298 simili
682 2272 771 2299 utitur
789 2272 992 2305 significatione
1011 2273 1074 2299 add.
1087 2273 1116 2299 F
1129 2274 1138 2307 ΙΙ
1154 2276 1185 2300 19
1206 2274 1291 2307 nono]
1308 2273 1406 2299 octauo

131 2306 162 2333 F
173 2307 182 2341 ΙΙ
196 2309 228 2332 21
250 2307 402 2341 degredere
420 2308 457 2340 F,
475 2316 545 2337 corr
564 2308 668 2334 Daniel
681 2309 690 2342 ΙΙ
704 2307 787 2335 modo
806 2308 836 2334 F
848 2309 857 2342 ΙΙ
871 2311 905 2334 23
924 2316 979 2334 non
999 2316 1048 2335 om.
1059 2308 1089 2335 F
1101 2309 1110 2342 ΙΙ
1124 2312 1157 2335 25
1178 2307 1280 2342 simile]
1296 2308 1368 2334 tales
1379 2308 1410 2334 F

132 2342 188 2369 tale
210 2341 301 2376 01126
320 2342 454 2369 dicidium
474 2343 503 2369 F
515 2345 524 2377 Ι]
538 2343 693 2370 maletheta
710 2343 737 2369 L
755 2344 917 2376 (maledicta
936 2344 954 2374 l)
977 2344 986 2378 Ι]
1009 2347 1042 2371 27
1063 2344 1153 2379 salua]
1175 2352 1270 2371 amara
1290 2343 1320 2369 F
1340 2344 1349 2378 ΙΙ
1372 2346 1405 2371 28

130 2386 181 2412 per
199 2385 250 2405 om.
268 2377 298 2404 1⁴
310 2378 320 2412 Ι]
334 2378 382 2414 an]
402 2379 452 2406 aut
469 2379 500 2405 F
515 2380 524 2414 Ι]
543 2379 666 2407 dicere.
677 2379 847 2414 optativum
866 2387 915 2406 om.
934 2379 965 2406 F
