1722 2670
222 711 254 734 10

223 977 254 1000 15

224 1512 258 1536 25

270 142 335 175 328
853 143 976 172 SERVII

271 227 403 266 propter
426 227 564 257 noctem.
611 224 739 258 ‘voces’
763 237 855 267 vero,
883 225 960 268 quio.
982 224 1181 267 ‘iterumque
1210 225 1392 267 iterumque
1415 224 1556 259 vocavi'.
1601 238 1606 243 ·
1661 219 1672 253 ἐ

360 291 418 310 ars
425 291 456 310 vs
470 292 492 315 Q.
514 291 535 311 ν.
552 292 568 311 ι.
584 291 606 311 1³.
627 279 661 318 ν]
686 278 769 319 *[εἰ]
792 278 842 310 hic
859 278 997 317 ostendit,
1019 281 1047 311 et
1063 289 1095 311 se
1110 278 1178 319 fato
1197 279 1339 318 evasisse,
1357 280 1386 311 et
1401 278 1469 319 fato
1485 287 1555 312 eon-

273 332 371 372 iuyem
389 330 595 372 1mdidisse.*

364 385 436 417 771.
473 394 591 418 TEGTIS
615 397 673 427 per
695 387 793 418 tecta.
838 387 872 417 et
894 387 945 417 est
967 385 1153 427 antiptosis.

362 439 434 470 772.
471 447 619 470 rnrnmx
644 447 871 471 smvmcnvu
891 437 986 478 mihi,
1006 449 1073 470 non
1092 438 1170 471 sibi:
1194 441 1232 471 ut
1250 439 1438 481 <V11309>
1458 449 1557 482 quse

270 491 380 533 potui
405 491 570 524 infelix?
599 503 657 533 per
681 491 921 524 ‘simulacrum’
948 494 1058 524 autem
1081 491 1277 533 apotheosin
1299 492 1455 532 ostendit,
1480 492 1558 535 quie

271 544 446 576 simulacra
469 544 602 576 deorum
626 546 715 586 sunt,
743 545 877 577 umbrae
907 544 1093 578 inferorum.
1141 545 1187 577 sie
1209 545 1323 578 Ulixes
1354 546 1389 578 in
1411 545 1555 579 Homero

270 597 357 639 apud
386 597 507 630 inferos
535 598 684 630 umbram
712 597 865 630 Herculis
895 598 1011 641 cernit,
1045 599 1121 641 quia
1148 600 1224 640 post
1251 601 1390 632 mortem
1420 599 1556 633 umbrae

272 651 407 692 inferos,
432 651 559 683 animae
583 651 709 683 caelum
732 653 856 693 petunt.

364 705 436 737 773.
473 713 585 737 imon
608 713 720 738 mmo
745 705 821 748 quia
844 706 961 738 umbra
983 705 1087 738 maior
1111 707 1162 738 est
1185 716 1328 748 corpore.
1373 707 1403 738 et
1419 716 1478 747 per
1497 705 1554 739 hoc

272 761 428 791 mortuam
450 758 516 790 vult
538 759 703 800 ostendere,
725 761 782 790 aut
804 769 841 791 ex
863 758 985 791 homine
1006 759 1095 791 deam
1116 759 1243 799 factam.

363 812 436 844 774.
474 824 584 845 srnrtn
591 825 704 849 νιντρνε
724 825 819 845 corus
834 823 914 854 prae
935 812 1069 845 horrore.

363 865 436 898 775.
475 879 538 899 Tru
549 879 595 899 stc
606 879 721 899 nomm
739 866 884 907 infinitus
906 866 1015 898 modus
1031 876 1093 907 pro
1116 866 1292 899 indicativo.
1330 868 1359 898 et
1379 865 1430 899 hic
1450 876 1558 900 verm

273 920 308 951 in
329 919 484 960 plerisque
512 920 626 952 dicitur
653 930 715 951 non
741 919 845 959 fuisse.
936 928 1022 958 va
1046 928 1190 951 ΤΔΝΤνΜ
1213 919 1395 952 consolatio
1418 921 1483 962 est;
1512 930 1560 952 se-

275 972 386 1014 quitur
419 972 519 1004 etiam
551 972 724 1014 divinatio,
757 983 839 1014 quae
873 972 990 1004 animis
1019 972 1167 1005 liberetis
1196 983 1332 1014 corpore
1359 973 1560 1006 conceditur:

274 1025 358 1057 unde
387 1026 486 1057 etiam
515 1025 730 1058 morientibus
758 1026 868 1067 datur,
897 1028 933 1058 ut
959 1025 1010 1067 <X
1041 1026 1127 1067 740>
1155 1037 1223 1058 nec
1253 1026 1410 1069 longum
1436 1026 1562 1060 laeta-

275 1078 378 1110 bere:
403 1080 438 1110 te
462 1090 612 1121 quoque
637 1079 718 1111 fata
740 1081 998 1121 prospectant
1021 1079 1134 1120 paria
1156 1078 1265 1112 Acron
1289 1079 1459 1113 Mezentio.

366 1132 438 1164 776.
477 1140 606 1164 ιΝεΑΝο
629 1132 679 1164 hic
700 1132 767 1164 sine
789 1132 922 1174 ratione,
944 1134 1001 1164 aut
1022 1134 1099 1164 certe
1122 1142 1254 1174 magno,
1281 1134 1319 1165 ut
1347 1132 1477 1166 insani
1503 1133 1560 1166 fe-

275 1185 380 1218 riant
417 1185 498 1218 sine
537 1185 657 1218 litora
693 1185 850 1218 fluctus.
981 1194 1187 1218 INDVLGERE
1221 1186 1268 1218 vel
1295 1186 1486 1227 permittere,
1514 1185 1562 1219 vel

223 1245 237 1268 2
276 1250 409 1280 operam
433 1239 522 1281 dare,
546 1241 583 1270 ut
607 1238 675 1280 <lx
702 1239 785 1279 163>
811 1238 1022 1280 indulgent
1045 1239 1142 1271 vino.

367 1293 439 1324 777.
477 1301 556 1325 snm
576 1301 714 1324 xviam:
734 1301 846 1325 n1vvn
871 1292 939 1324 sine
958 1292 1018 1325 fati
1037 1292 1244 1325 necessitate:
1268 1294 1305 1324 ut
1329 1291 1561 1332 enimswtius

276 1346 369 1388 dicit,
392 1347 462 1378 fata
486 1348 562 1378 sunt
585 1356 668 1387 quae
691 1345 736 1377 dii
760 1346 879 1377 fantur.

367 1400 439 1431 778,
478 1408 655 1431 ΕνΕΝινΝΤ
682 1407 750 1431 NEC
778 1407 822 1430 Tr:
853 1407 1011 1431 commit
1042 1407 1127 1431 umc
1157 1407 1364 1431 ASPORTARE
1398 1407 1562 1433 cunvsna
1602 1403 1603 1406 ’

277 1453 331 1485 hic
350 1464 460 1484 versus
481 1454 569 1484 caret
587 1452 770 1484 scansione:
789 1451 873 1484 unde
892 1451 987 1484 multi
1007 1451 1037 1484 ei
1052 1451 1171 1494 ‘hinc',
1190 1452 1284 1484 multi
1303 1451 1373 1484 ‘as’
1394 1451 1558 1494 syllabam

278 1505 459 1538 detrahunt.
506 1506 533 1537 si
566 1508 674 1538 tamen
705 1506 753 1538 vis
784 1505 846 1538 fide
873 1507 1002 1538 servata
1035 1505 1201 1548 scandere,
1234 1506 1278 1538 sit
1310 1505 1494 1548 conversio,
1524 1507 1564 1539 ut

351 1623 365 1647 7
387 1621 415 1646 in
434 1620 567 1654 Homero]
588 1620 638 1647 Od.
659 1619 696 1646 XI
716 1623 766 1647 601
785 1621 796 1654 u
818 1622 850 1646 18
868 1619 969 1654 insani]
988 1620 1050 1647 buc.
1070 1620 1109 1647 IX
1127 1623 1161 1647 43
1182 1621 1192 1654 11
1217 1623 1248 1647 19
1267 1620 1416 1655 Indulgere
1434 1619 1480 1648 vel
1497 1627 1559 1655 per-

283 1655 395 1683 mittere
417 1677 422 1683 .
439 1676 444 1682 .
461 1675 467 1681 .
488 1655 566 1691 vino]
587 1664 672 1683 exsor.
693 1656 772 1682 Luct.
793 1655 867 1683 Plnc.
887 1655 923 1683 ad
943 1656 1014 1683 stat.
1033 1656 1121 1683 Theb.
1141 1656 1153 1682 1
1172 1659 1206 1683 49

354 1766 366 1789 1
388 1763 511 1797 noctem]
533 1762 573 1789 ibi
593 1762 666 1789 enim
687 1770 756 1790 voce
775 1770 845 1796 opus
865 1763 921 1796 est,
944 1762 993 1789 ubi
1011 1762 1088 1789 uisus
1105 1771 1162 1790 non
1181 1763 1307 1798 suppetit
1325 1763 1432 1790 addtmt
1449 1761 1560 1797 stepha«

281 1807 352 1831 nus,
370 1798 536 1831 Fabricius,
557 1798 673 1831 Daniel,
691 1806 777 1832 neque
794 1799 826 1824 in
845 1797 876 1824 F
875 1798 983 1825 aldensi
1001 1799 1118 1831 defuisse
1136 1799 1280 1826 adnotavit
1297 1798 1444 1832 Scioppius
1465 1798 1476 1832 Ι
1497 1797 1566 1833 quia

281 1835 322 1861 ait
342 1834 412 1860 ME
425 1835 434 1868 [1
447 1834 550 1860 iterum
571 1833 728 1868 iterumque
747 1833 845 1860 LHE
856 1834 866 1867 fl
879 1833 995 1861 uocauit
1012 1833 1078 1860 LH
1094 1835 1104 1868 ss
1123 1837 1138 1860 8
1158 1833 1286 1870 umbrae]
1305 1834 1431 1861 umbram
1450 1833 1486 1860 H
1503 1842 1563 1860 um-

281 1870 333 1896 bra
354 1870 389 1896 M
395 1870 424 1895 E
437 1871 447 1904 ΙΙ
461 1873 476 1896 9
497 1869 592 1896 anima
611 1869 642 1895 11
654 1870 664 1903 ΙΙ
679 1872 711 1896 13
730 1869 862 1896 scholium
881 1870 918 1896 ad
937 1869 1008 1896 Tum
1027 1868 1068 1896 sic
1087 1869 1177 1896 adfari
1195 1870 1299 1897 Daniel
1316 1869 1401 1896 edam
1414 1869 1424 1903 Ι
1438 1871 1472 1896 15
1490 1876 1563 1903 quae

282 1914 315 1932 cs:
334 1905 401 1939 quia
419 1906 444 1931 L
469 1906 478 1939 [ᾗ
501 1914 518 1931 a
542 1914 657 1939 corpore
676 1905 720 1932 El
749 1906 776 1937 (s.
794 1905 931 1938 expunxit
949 1907 972 1938 e)
994 1905 1004 1939 fl
1028 1908 1061 1932 16
1085 1906 1116 1931 ut
1140 1905 1214 1932 infra
1232 1905 1338 1932 Orodes
1355 1903 1493 1932 Mezentio
1511 1911 1563 1931 nec

282 1942 396 1975 longum
418 1941 574 1967 Maso-icius
595 1942 604 1974 ss
627 1941 660 1967 ut
679 1962 684 1967 .
702 1962 707 1967 .
723 1961 729 1967 .
749 1940 888 1967 Mezentio
911 1948 960 1968 om.
981 1941 1012 1967 E
1036 1941 1078 1974 (in
1099 1949 1185 1975 mary.
1204 1941 1294 1975 suppl.
1313 1941 1350 1974 e),
1373 1940 1509 1974 expunxit
1527 1940 1537 1966 Ζ
1560 1940 1564 1974 Ι

285 1980 315 2002 17
336 1977 375 2010 te]
397 1978 425 2002 et
444 1976 518 2009 LH,
538 1985 586 2003 om.
610 1976 662 2002 Me
684 1977 694 2010 ss
716 1976 879 2010 prospectat
901 1976 956 2003 Me
978 1977 988 2010 ΙΙ
1030 1976 1102 2011 aria]
1126 1977 1192 2010 post
1209 1976 1331 2002 LHMe
1351 1976 1362 2010 [l
1383 1974 1474 2002 Acron
1492 1974 1518 2002 L
1555 1995 1562 2003 .

282 2013 374 2038 Acron
393 2011 530 2038 Mezentio
553 2012 634 2045 vungo
657 2013 822 2038 omittuntur
842 2012 853 2045 ΙΙ
875 2011 1012 2039 Mezentio
1049 2013 1116 2046 post
1137 2012 1222 2046 atque
1247 2012 1297 2038 aut
1319 2010 1416 2038 eaodem
1441 2019 1479 2037 m.
1497 2019 1523 2038 a.
1541 2010 1562 2038 t.

283 2048 346 2073 add.
368 2046 391 2073 C
411 2047 420 2079 ΙΙ
445 2050 476 2073 19
497 2047 541 2073 vel
566 2046 729 2080 permittere
752 2046 797 2074 vel
821 2047 907 2074 edidit
925 2046 1030 2074 Daniel
1051 2047 1061 2081 Ι]
1083 2050 1117 2074 22
1140 2047 1202 2074 fata
1224 2047 1288 2073 sunt
1310 2054 1381 2080 qnae
1401 2045 1441 2072 dii
1460 2045 1500 2080 (di
1517 2045 1564 2080 H)

283 2083 377 2108 santur
401 2082 462 2108 LII
469 2082 519 2108 G*:
545 2082 606 2109 fata
631 2084 696 2109 sunt
722 2091 793 2116 quae
820 2082 860 2109 dii
885 2082 980 2110 fantur
1002 2083 1048 2110 uel
1073 2090 1143 2117 quae
1166 2081 1358 2109 indubitanter
1376 2081 1511 2111 eueniunt
1528 2081 1565 2109 Μ

283 2119 342 2144 fata
361 2118 426 2143 sunt
445 2126 516 2150 quae
536 2117 727 2144 indubitanter
746 2118 879 2145 eueniunt
896 2118 943 2145 uel
961 2118 1021 2145 fata
1039 2119 1104 2145 sunt
1122 2126 1193 2152 quae
1212 2117 1254 2144 dii
1270 2117 1366 2144 fantur
1384 2116 1414 2143 E
1430 2125 1503 2151 quae
1521 2116 1563 2144 in-

284 2152 446 2180 dubitanter
471 2153 604 2179 eueniunt
626 2153 673 2179 uel
697 2153 756 2180 fata
781 2154 847 2180 sunt
869 2154 900 2180 in
922 2162 1009 2188 marq.
1033 2154 1096 2181 add.
1117 2154 1126 2180 l
1149 2155 1159 2187 fl
1181 2156 1215 2180 23
1238 2162 1370 2180 avnuvur
1395 2161 1445 2179 om.
1465 2151 1503 2179 Μ
1507 2152 1537 2178 Ε
1554 2152 1562 2187 ll

284 2189 416 2223 cnsvsm]
436 2197 459 2214 r.
479 2198 504 2214 A.
525 2198 542 2215 1.
563 2198 583 2214 s.
604 2189 668 2215 add.
687 2189 713 2214 L
737 2199 759 2215 r.
780 2199 804 2216 A.
825 2199 846 2215 s.
867 2189 930 2216 add.
950 2189 984 2216 Η
993 2190 1003 2224 ΙΙ
1017 2192 1052 2216 24
1070 2197 1165 2216 uersus
1184 2188 1230 2216 hic
1249 2188 1287 2215 M
1297 2188 1308 2221 fl
1322 2188 1466 2214 scansione
1486 2190 1563 2215 caret

284 2224 400 2257 Daniel,
424 2224 523 2258 quibus
547 2224 578 2250 in
597 2224 627 2250 F
627 2224 735 2250 uldensi
758 2225 823 2251 haec
846 2225 915 2251 addi
933 2225 1078 2252 adnotavit
1095 2224 1242 2258 Scioppius
1266 2223 1290 2250 si
1307 2231 1364 2250 non
1382 2223 1564 2250 conuertatur

283 2261 316 2286 ut
333 2268 384 2294 per
403 2260 529 2293 eclypses
547 2261 597 2286 aut
615 2259 800 2293 synaloephas
825 2259 976 2287 scandatur
998 2260 1040 2287 ita
1057 2259 1198 2294 Eueniunt
1218 2267 1270 2286 nec
1289 2260 1317 2286 te
1341 2258 1406 2285 hine
1429 2258 1564 2286 comitem

284 2304 308 2322 a.
330 2294 358 2321 C.
378 2295 411 2322 ut
428 2294 470 2321 ita.
489 2295 655 2321 scandamus
674 2294 835 2322 *Eueniunt
852 2304 879 2322 n.
898 2297 918 2323 t.
937 2296 965 2322 h.
985 2304 1008 2323 c.
1029 2304 1054 2323 a.
1075 2294 1104 2322 C.
1123 2294 1175 2322 fas.
1207 2293 1254 2321 hic
1272 2302 1370 2321 uersus
1388 2295 1466 2321 caret
1484 2302 1563 2321 scan-

285 2331 362 2357 sione
381 2330 454 2357 unde
473 2330 556 2357 multi
574 2338 604 2356 as
629 2330 767 2364 syllabam
791 2331 957 2364 detrahunt,
980 2331 1020 2358 sic
1042 2331 1139 2358 tamen
1161 2329 1210 2357 uix
1226 2329 1282 2356 fide
1301 2330 1413 2356 seruata
1431 2338 1452 2357 e.
1471 2339 1496 2364 q.
1514 2337 1536 2356 ε.
1554 2329 1564 2365 ΙΙ

285 2369 318 2393 25
340 2366 377 2392 sit
395 2366 474 2393 libri:
492 2374 542 2393 om.
561 2365 666 2393 Daniel
684 2366 716 2392 fit
734 2366 886 2396 Fabricius
904 2369 928 2393 et
947 2366 1103 2400 Stephanus
1123 2365 1176 2392 >fiat
1195 2365 1351 2392 Masvieius
