1630 2684
515 0 519 1 ⁷
531 0 974 29 tffissssrxwwwxffifeimnafflmq:
1013 3 1016 8 ·
1059 7 1070 11 =—

209 176 273 209 156
785 178 907 207 SERVII

297 259 372 291 492.
409 269 523 292 AVREA
552 261 764 303 amphibolon
792 265 843 295 est
869 261 931 295 hoc
958 262 1043 304 loco,
1070 263 1180 295 utrum
1209 263 1281 305 ipsa
1309 274 1420 307 aurea,
1446 275 1491 298 an
1588 296 1595 300 ,

208 324 306 345 aurea
321 313 460 355 cingula.
493 314 657 347 sciendum
672 316 781 348 tamen
795 317 986 358 plerumque
1001 316 1237 359 amphiboliam
1253 317 1349 350 metri
1363 318 1491 352 ratione
1576 319 1582 346 ζ
1601 325 1630 355 ’ζ-

208 367 356 408 dissolvi,
384 369 420 399 ut
443 379 560 400 aurea
588 369 806 410 composuit
834 369 982 412 sponda
1005 369 1090 402 Dido
1113 369 1258 403 ‘aurea':
1288 371 1315 402 si
1340 371 1426 404 enim
1448 372 1490 406 ad
1602 362 1630 375 '³

208 420 365 462 spondam
389 421 525 464 referas,
549 433 615 455 non
637 424 706 455 stat
728 434 849 456 versus.
940 436 1125 457 SVBNEGTENS
1145 424 1282 457 subnexa
1304 425 1426 459 habenas.

172 481 187 503 5
210 483 368 507 EXERTAE
393 475 547 517 nudatae3
571 476 695 509 nudant
718 476 804 509 enim
828 488 925 519 quam
949 477 1132 510 adusserint
1154 489 1337 511 mammam.

296 528 370 560 493.
408 538 516 561 vineo
541 531 574 562 et
598 540 710 562 sexum
734 530 877 562 ostendit
895 532 928 563 et
947 533 1097 563 aetatem.
1193 533 1289 573 mco]
1309 532 1384 574 plus
1400 533 1490 577 daie,

206 592 301 623 quam
323 583 352 614 si
371 583 524 623 feminam
546 584 666 616 diceret.
709 584 844 626 figuram
867 586 970 616 tamen
993 584 1145 616 Graecam
1166 585 1252 625 facit.

296 636 371 669 495.
408 649 473 669 mm
490 650 602 670 srrprr
623 639 681 669 aut
705 637 853 678 absolute,
879 640 936 670 aut
961 638 1036 670 dum
1058 637 1131 670 hacc
1151 641 1258 680 stupet.
1349 648 1488 675 OBTV‘rv

207 692 349 732 aspectu.
441 699 477 723 m
501 699 573 723 vno
597 691 631 723 in
655 701 862 734 unoquoque,
884 690 946 724 hoc
969 693 1021 724 est
1044 691 1174 733 singula
1197 691 1386 727 mirabatur.

157 749 188 772 ιο
296 744 372 776 496.
408 752 527 776 FORMA
552 746 587 777 ut
609 744 775 787 pulchra
797 745 915 787 prole.

295 797 370 830 497.
408 811 539 831 nvo-essm
555 801 590 830 ut
601 799 777 831 incedunt
788 799 916 840 pucri;
934 799 986 831 sed
998 798 1048 830 hic
1062 792 1256 831 ‘intervenia
1319 809 1490 836 suumn

207 859 369 883 GA'rl-:RVA
401 851 442 883 ad
464 851 527 884 hoc
551 853 679 884 tautum
703 863 840 894 sequens
868 852 1012 894 pertinet
1039 853 1253 895 comparatio,
1281 864 1380 896 quam
1406 847 1498 890 vitu·

207 906 323 946 perant
347 905 455 947 multi,
487 905 668 938 nescientes
698 906 845 947 exempla
873 906 923 938 vel
956 905 1129 947 parabolas
1158 906 1210 939 vel
1242 908 1495 950 conparationoe'·
1527 899 1531 901 ⁵

208 958 395 1000 adsumptae
419 970 484 990 non
508 970 635 1001 semper
658 970 888 1002 usquequaque
913 969 1105 1002 congruere,
1134 959 1189 992 sed
1217 960 1380 995 interdum
1401 962 1492 996 omni

157 1019 188 1043 15
207 1013 313 1054 parte,
337 1011 499 1044 interdum
522 1013 632 1055 aliqua
655 1013 837 1045 convenire.

296 1066 372 1098 498.
410 1075 574 1098 Evnomia
599 1075 690 1099 mms
715 1066 805 1098 fluvii
829 1065 1016 1100 Laconicae.
1107 1076 1237 1100 crs'rm
1263 1068 1384 1102 montis
1406 1069 1492 1114 Deli,
1628 1080 1630 1105 ε

208 1120 253 1151 in·
273 1130 336 1161 quo
366 1121 478 1151 natam
511 1122 641 1152 constat
671 1119 820 1152 Dianam.
866 1130 942 1152 sane
968 1119 1112 1153 Dianam
1142 1124 1253 1155 veteres
1283 1123 1350 1156 ideo
1381 1122 1495 1159 muas
1515 1124 1537 1149 ·'
1627 1111 1630 1160 l

201 1173 423 1215 producebant,
445 1173 521 1214 quia
542 1173 598 1206 sub
621 1173 691 1205 divo
714 1174 771 1205 dea
793 1174 835 1206 sit
856 1174 990 1206 venandi
1009 1174 1124 1215 qratia.
1440 1177 1443 1180 '
1592 1181 1603 1186 ““
1627 1175 1630 1190 ³

297 1227 371 1259 499.
408 1235 569 1259 excitem*
594 1236 702 1259 num
727 1236 862 1260 cuonos
893 1227 955 1260 hoc
981 1209 1110 1260 noniad
1134 1229 1399 1271 conparationem
1419 1235 1492 1274 pers

155 1287 188 1310 :20
208 1280 304 1322 tinet,
328 1279 383 1312 sed
408 1282 458 1312 est
480 1281 627 1322 poeticae
645 1281 874 1322 descriptionis
894 1281 1059 1323 evagatio,
1081 1282 1157 1322 quia
1177 1282 1262 1315 chori
1279 1293 1333 1316 nec
1349 1285 1492 1326 personis

207 1334 256 1365 hic
271 1344 323 1366 nec
337 1334 410 1366 locis
423 1337 611 1376 confi-aunt,-
626 1335 811 1367 saltantium
824 1335 906 1367 enim
921 1338 949 1367 cc
961 1336 1155 1368 mutantium
1168 1336 1322 1369 diamur.
1377 1346 1490 1371 11an

210 1387 319 1420 finitus
343 1399 496 1420 numerus
520 1398 579 1430 pro
603 1387 745 1429 infinit03
770 1399 844 1421 nam
868 1388 907 1420 de
931 1389 1147 1431 nympharum
1170 1400 1304 1422 numero
1326 1389 1419 1424 varia
1440 1393 1492 1426 ost

209 1441 328 1483 opinio.

297 1495 372 1528 500.
409 1504 568 1528 ommes
600 1495 761 1538 nymphae
792 1496 952 1528 montium
981 1496 1112 1529 Oreades
1141 1497 1300 1539 dicuntur,
1331 1497 1489 1532 silvarum

155 1555 188 1578 25
209 1548 369 1591 Dryades,
398 1559 479 1591 quae
508 1560 581 1581 eum
609 1549 702 1582 silvis
730 1552 907 1582 nascuntur
931 1549 1168 1593 Amadryades,
1195 1550 1337 1584 fontium
1358 1550 1492 1595 Napeae

209 1602 259 1634 vel
284 1601 418 1643 Naida,
442 1602 540 1635 maris
564 1614 640 1635 vero
663 1603 828 1636 Nereides.

280 1712 296 1736 3
316 1708 413 1744 aurea]
434 1710 466 1736 A.
486 1709 499 1736 I
514 1712 566 1737 698
579 1710 590 1744 fl
605 1712 638 1736 10
655 1709 787 1744 pulchra]
807 1710 839 1736 A.
860 1709 872 1735 I
887 1712 920 1736 75
935 1710 944 1744 u
961 1712 989 1736 11
1011 1709 1156 1744 incedunt]
1175 1709 1208 1736 A.
1224 1709 1248 1736 V
1264 1712 1315 1737 553
1329 1710 1340 1744 ΙΙ
1354 1713 1387 1738 18
1405 1717 1492 1746 quam

208 1745 372 1780 vituperant
394 1744 477 1772 multi
500 1753 523 1772 e.
543 1753 569 1779 q.
589 1745 624 1780 s.]
649 1745 684 1773 cf.
704 1745 766 1772 Val.
786 1745 867 1772 Prob.
887 1753 931 1779 ap.
951 1744 1023 1772 Gell.
1043 1745 1081 1772 IX
1100 1748 1130 1779 9,
1151 1748 1182 1772 12
1193 1754 1253 1779 sqq.
1317 1748 1352 1773 24
1371 1754 1491 1774 οιιΑυιι

208 1780 351 1821 nymphae
371 1801 376 1807 .
393 1802 400 1808 .
415 1801 421 1807 .
441 1780 588 1816 Nereides]
609 1780 643 1808 cf.
662 1780 802 1815 mythogr.
823 1780 849 1807 11
863 1783 905 1807 50.
938 1780 1017 1807 Luct.
1037 1780 1111 1807 Plac.
1132 1780 1168 1807 ad
1188 1780 1257 1808 Stat.
1298 1781 1362 1809 heb.
1375 1780 1416 1808 IV
1426 1783 1489 1810 255.

210 1816 275 1843 lsid.
295 1824 364 1850 orig.
384 1816 448 1843 VIII
469 1820 510 1850 11,
529 1819 572 1844 97.
604 1816 744 1851 mythogr.
763 1817 803 1843 111
821 1818 846 1850 5,
861 1819 877 1842 3

284 1918 295 1942 1
318 1915 355 1942 ad
372 1924 396 1943 v.
417 1917 468 1942 492
493 1915 597 1950 Aurea]
617 1903 800 1949 amphibolon
819 1915 863 1942 est
882 1936 887 1942 .
908 1936 915 1942 .
935 1935 940 1942 .
961 1922 1046 1942 aurea
1064 1914 1186 1976 cingula.
1224 1914 1396 1943 subnectens
1427 1915 1490 1943 snb-

211 1959 282 1978 nexa.
300 1951 414 1978 habens.
441 1950 573 1986 Exertae]
592 1950 715 1978 nudatae
730 1971 736 1977 .
751 1972 757 1978 .
776 1972 782 1978 .
796 1958 957 1978 mammam.
974 1950 1023 1984 Pu
1037 1953 1052 1977 3
1068 1950 1103 1977 Di
1123 1959 1140 1978 ο
1155 1958 1241 1978 aurea
1254 1950 1279 1977 si
1292 1950 1368 1978 enim
1408 1949 1491 1978 ΕΜ.-

212 1986 283 2013 Dido
302 1986 325 2013 si
345 1986 419 2013 enim
439 1995 524 2013 aurea
537 1986 565 2013 Β
593 1994 679 2013 aurea
693 1985 717 2012 si
731 1985 806 2013 enim
821 1986 855 2013 Η
865 1987 875 2020 ΙΙ
889 1990 905 2013 6
924 1986 1056 2013 aetatem.
1084 1986 1148 2021 plus
1167 1986 1241 2012 enim
1255 1985 1327 2013 dixit
1343 1994 1399 2021 aq.
1409 1994 1429 2013 s.
1447 1985 1492 2023 011

211 2025 225 2048 7
241 2023 359 2056 figuram
374 2024 468 2049 tamen
485 2022 621 2049 Graecam
634 2021 705 2049 facit
719 2022 756 2049 ad
770 2032 851 2049 vineo
866 2031 936 2048 vrms
950 2022 1033 2055 refert
1047 2021 1082 2048 F.
1093 2021 1242 2048 Schoenitas
1256 2022 1302 2055 (cf.
1312 2020 1386 2048 Sem.
1401 2022 1440 2049 ad
1451 2022 1488 2050 A.

211 2058 234 2083 Η
251 2059 304 2090 53),
323 2058 362 2084 ad
381 2067 451 2085 vims
466 2067 635 2084 coscvmzsns
654 2066 700 2092 eqo
713 2059 723 2091 11
737 2060 753 2085 8
768 2058 805 2084 ad
818 2066 841 2084 v.
853 2061 904 2085 495
920 2057 993 2084 Dum
1009 2057 1102 2091 stupet
1133 2058 1184 2084 aut
1196 2056 1325 2084 absolute
1340 2078 1347 2084 .
1362 2078 1369 2085 .
1383 2078 1390 2085 .
1405 2057 1490 2085 mira-

211 2093 293 2119 batur
311 2093 514 2127 (mirabantur).
532 2093 560 2119 P
575 2094 586 2128 ΙΙ
603 2093 656 2120 hoc
674 2093 701 2119 P
717 2094 727 2127 ΙΙ
751 2096 782 2120 11
798 2094 836 2120 ad
849 2102 874 2120 v.
889 2096 940 2120 497
956 2091 1084 2128 Incessit]
1125 2092 1149 2119 ’c
1163 2092 1331 2127 superuenit.
1359 2091 1490 2128 Stipsntc

211 2129 336 2163 caterua]
357 2129 393 2155 ad
412 2129 466 2156 hoc
480 2130 590 2156 tantum
605 2137 723 2163 sequens
742 2128 872 2163 pertinet.
890 2129 938 2163 Pu
958 2131 990 2155 16
1009 2128 1047 2155 ad
1059 2136 1083 2155 v.
1099 2130 1151 2155 498
1169 2127 1292 2155 Eurotae
1310 2127 1391 2163 ripis]
1411 2127 1491 2156 fluuii

210 2164 372 2191 Laconicae.
410 2164 525 2199 Cynthi]
551 2164 676 2198 Cynthus
699 2173 778 2191 mons
797 2164 860 2191 Deli
885 2164 999 2196 (montis
1022 2162 1106 2198 delei)
1128 2162 1159 2190 iu
1181 2171 1237 2197 qua
1257 2163 1356 2190 natam
1379 2164 1491 2191 eonem

211 2199 331 2227 Dianam
351 2199 498 2232 (deanam).
522 2200 548 2225 P
560 2201 570 2234 ΙΙ
583 2199 683 2227 fluuius
701 2200 779 2234 Bou
795 2203 827 2227 17
847 2208 902 2234 qua
921 2199 944 2227 C
955 2201 965 2234 ΙΙ
978 2199 1093 2233 fortasse
1111 2198 1202 2226 Diana
1220 2198 1272 2233 dil]
1287 2201 1319 2226 19
1338 2199 1376 2226 ad
1393 2207 1419 2227 v.
1438 2201 1491 2227 499

211 2236 330 2262 Exercet
347 2235 439 2262 Diana
458 2235 570 2271 choros]
595 2235 648 2262 hoc
671 2243 727 2262 non
746 2236 781 2262 ad
801 2235 1039 2270 comparationem
1057 2233 1180 2269 pertinet
1199 2255 1205 2261 .
1219 2255 1227 2261 .
1242 2255 1249 2261 .
1269 2235 1299 2261 et
1316 2234 1490 2262 cantantium

211 2271 349 2298 dicuntur.
382 2271 464 2297 multi
483 2271 646 2305 uituperant
668 2271 906 2306 comparationem
929 2271 1001 2298 hanc
1020 2268 1174 2297 nescientes
1193 2269 1323 2304 exempla
1339 2269 1387 2296 uel
1408 2278 1491 2305 para-

210 2306 290 2333 bolas
314 2306 360 2333 uel
384 2306 608 2341 comparationes
633 2306 796 2340 adsumptas
820 2315 876 2334 „on
900 2314 1008 2341 semper
1033 2313 1232 2340 usquequaque
1255 2313 1420 2340 congruere,
1449 2306 1492 2334 aet

210 2343 352 2369 interdum
371 2341 448 2369 omni
466 2343 547 2376 parte
570 2341 711 2368 interdum
732 2342 827 2376 aliquo
847 2343 906 2377 (sic)
925 2342 1082 2369 conuenire.
1118 2341 1208 2376 Mille]
1232 2341 1327 2367 finitus
1351 2363 1356 2368 .
1378 2363 1384 2368 .
1404 2361 1411 2368 .
1431 2341 1492 2376 opi-

211 2377 266 2405 nio.
288 2378 316 2404 P
327 2379 337 2412 ΙΙ
351 2381 385 2404 20
404 2377 498 2404 euatio
512 2377 588 2412 quod
605 2377 632 2403 P
643 2378 654 2411 ΙΙ
667 2380 701 2404 24
716 2378 753 2404 ad
767 2386 790 2404 v.
806 2381 858 2405 500
878 2377 1012 2418 Oreades]
1031 2376 1172 2411 nymphae
1186 2376 1337 2411 montium,
1355 2376 1491 2407 siluarum

211 2413 337 2449 Dryades
357 2435 363 2441 .
384 2434 389 2440 .
410 2433 416 2439 .
435 2413 578 2441 Nereides.
599 2414 627 2440 1’
644 2414 654 2448 ΙΙ
677 2416 711 2440 25
731 2413 841 2441 driades
860 2416 885 2441 et
903 2412 1079 2440 amadnades
1097 2412 1235 2440 BLHM
