1722 2670
475 113 588 141 COMM.
608 114 648 140 IN
667 113 774 142 VERG.
794 114 878 142 AEN.
898 115 945 143 111.
965 118 1114 144 239—248.
1365 117 1431 149 385

238 195 313 226 246.
350 203 496 227 INFELIX
519 203 631 227 VATES
655 195 768 227 nuntia
793 195 1010 239 infelicitatis,
1034 199 1071 229 ut
1094 196 1192 239 μάντι
1216 199 1336 230 κακῶν.
1377 199 1431 232 hoc

148 249 194 279 est
219 248 307 280 nobis
333 248 458 288 infelix,
486 251 522 280 ut
544 248 580 289 <1
604 248 690 290 330>
713 249 767 281 sis
792 249 899 290 felix,
926 250 961 281 iol
986 253 1031 282 est
1051 249 1146 286 nobis.
1192 255 1220 283 et
1241 253 1360 284 videtur
1382 253 1432 285 hic

150 301 283 341 auspicii
312 312 409 343 yenus
440 302 582 333 inducere
612 303 778 334 secundum
810 313 955 344 auyures,
987 304 1069 343 quod
1098 305 1133 335 de
1163 306 1241 337 (liris
1268 306 1430 346 colliqitur,

148 365 279 395 quorum
302 365 400 387 unum
424 365 520 396 yenus
544 358 587 387 est
614 356 695 396 quod
721 366 758 387 ea:
785 357 882 397 siquis
909 357 1075 397 colliyitur,
1108 368 1166 397 quo
1193 368 1276 390 nune
1302 359 1429 390 utimur.

148 408 251 439 diram
274 410 376 440 autem
399 418 460 441 esse
481 408 648 450 harpyiam
671 409 788 450 duplici
805 410 893 441 modo
919 413 1081 452 memorat,
1104 413 1133 442 et
1152 412 1264 443 oscinis
1282 415 1311 443 et
1328 413 1429 444 alitis:
1449 419 1464 443 5

147 461 257 493 etenim
279 472 348 501 cum
370 472 437 494 eam
458 462 537 502 facit
566 462 733 503 loquentem
757 463 869 494 oscinis
897 464 1071 504 auspicium
1098 465 1295 505 expungitur,
1325 466 1430 497 dirum

148 516 251 546 tamen
267 515 348 555 quod
367 515 509 555 futuram
530 516 647 555 famem
666 516 842 554 denuntiat,·
866 527 941 548 nam
959 517 1024 557 ipse
1042 517 1089 548 ait
1107 517 1214 558 (262)
1233 518 1309 550 sive
1331 519 1429 557 deae,

146 577 208 599 seu
234 568 314 599 sint
338 568 444 600 dirae
470 569 714 609 obscenaeque
740 569 919 610 volucres,
947 572 976 601 et
998 570 1105 611 (256)
1130 581 1237 611 quam
1260 582 1322 603 vos
1344 573 1430 604 dira

145 620 270 660 fames.
316 632 422 653 verum
454 632 523 654 cum
555 623 602 654 ait
631 621 739 663 <258>
766 623 901 662 pinnis
932 623 1060 654 ablata
1097 624 1250 666 refuyit,
1286 625 1325 656 ab
1356 626 1430 657 alite

146 674 319 715 aufflieium
340 675 458 715 factum
481 676 598 714 docuit,·
622 676 711 707 alites
734 676 816 707 enim
839 678 920 708 certa
939 687 1052 717 yenera
1070 678 1175 709 avium
1196 678 1235 709 ab
1258 678 1428 719 auyuribus
1450 687 1481 710 10

146 727 356 770 appellantur,
379 739 457 769 quae
473 730 585 770 pinnis
603 729 648 761 vel
671 729 775 761 volatu
798 730 904 761 omina
922 733 1055 770 possunt
1074 730 1191 770 facere:
1214 742 1292 772 quae
1313 732 1342 764 si
1362 732 1430 772 fue-

145 781 212 813 m'nt
226 792 401 823 prosperae,
423 782 624 824 ‘praepetes';
648 783 677 815 si
695 784 846 821 adversae,
865 783 987 815 inebrae
1005 786 1168 816 vocantur:
1187 786 1268 825 quod
1284 786 1377 817 etiam
1396 786 1430 817 in

146 835 231 867 XII.
245 835 353 877 (862)
372 837 526 878 signatius
548 838 623 869 dicit
648 837 757 868 alitis
785 837 824 868 in
846 847 989 877 parvae
1011 837 1131 869 subito
1156 838 1307 870 collecta
1328 839 1429 879 fiyu-

145 899 240 930 ram,
263 889 317 929 ubi
339 899 406 921 vere
428 890 532 922 diram
554 890 620 922 vult
641 890 747 922 videri.
814 899 945 922 RVMPrr
966 898 1084 922 VO‘CEM
1109 901 1181 922 cum
1204 891 1429 933 indignatione

145 942 301 984 loquitur,
324 944 360 974 ut
383 942 434 983 <X
458 943 521 984 63>
547 943 639 984 quid
663 953 721 974 010
745 943 828 974 alta
852 943 1014 975 silentia
1038 943 1145 985 cogis
1170 945 1367 985 rumpere?
1397 947 1429 977 et
1450 953 1482 976 15

145 996 338 1035 notandum,
363 998 400 1027 ut
424 1007 522 1038 supra
545 996 599 1037 <II
626 996 709 1037 129>
734 996 873 1028 diximus
899 996 1037 1037 trumpit
1061 996 1203 1038 vocem’,
1226 1008 1295 1029 cum
1317 998 1372 1029 hoc
1394 999 1430 1030 de

144 1049 266 1081 silentio
285 1049 394 1081 melius
407 1050 529 1081 dicatur
542 1050 620 1090 fieri.
657 1060 700 1081 an
720 1049 877 1091 ‘rumpit’,
900 1051 975 1090 quia
995 1052 1116 1081 tantum
1130 1049 1301 1082 humanam
1314 1051 1428 1083 liabens

143 1102 258 1141 faciem-
281 1105 389 1134 contra
410 1105 560 1134 naturam
582 1103 633 1135 sui
656 1104 791 1143 corporis
813 1103 971 1144 loquitur?

234 1156 308 1187 247.
347 1169 467 1188 sumu!
484 1169 578 1188 ETJAM
595 1169 648 1188 PRO
662 1170 757 1188 CAEDE
774 1169 809 1189 Bo
816 1169 856 1189 VM
872 1169 1009 1193 STRATISQ
1016 1170 1051 1189 νε
1066 1169 1206 1189 ιννΕΝωε
1222 1158 1367 1190 iteratum
1386 1162 1429 1190 est

143 1209 187 1241 ad
207 1210 380 1250 attyendam
403 1209 568 1250 invidiam,
596 1211 631 1240 ut
653 1209 760 1250 <326>
783 1210 917 1250 stirpis
939 1210 1135 1242 Achilleae
1160 1211 1299 1253 fastus,
1326 1212 1427 1244 iuve-
1445 1220 1481 1243 20

142 1272 292 1303 nemque
314 1263 516 1303 superbum.
562 1265 617 1294 aut
639 1273 716 1294 num
738 1265 851 1294 aetates
874 1263 963 1294 boum
986 1264 1083 1295 voluit
1105 1264 1365 1305 conprehendere?

233 1315 308 1347 248.
345 1324 675 1348 LAOMEDONTIADAE
700 1315 828 1356 perfidi:
852 1327 870 1347 a
889 1326 966 1357 rege
985 1318 1098 1348 natum
1123 1317 1348 1360 obprobrium,
1372 1319 1427 1360 qui

133 1363 220 1400 'deos
252 1367 380 1400 fefellit.
425 1379 500 1400 sane
531 1369 608 1400 alibi
639 1359 850 1408 indifferenter
880 1369 935 1400 hoc
962 1380 1072 1402 nomen
1100 1381 1136 1402 ex
1160 1381 1295 1411 persona
1322 1375 1427 1412 poetae

217 1449 248 1472 11
269 1455 341 1479 quae
366 1447 389 1473 si
412 1446 517 1474 fuerint
536 1469 542 1474 .
563 1468 568 1474 .
590 1468 596 1473 .
616 1447 728 1474 inebrae
754 1434 902 1483 vocantur]
928 1448 962 1484 of,
982 1448 1046 1475 Isid.
1071 1457 1109 1476 or.
1130 1449 1181 1475 XII
1201 1453 1225 1483 7,
1246 1453 1278 1476 77
1303 1451 1332 1477 et
1350 1451 1424 1479 Fest.

143 1482 228 1509 Pauli
246 1491 266 1508 s.
286 1491 312 1509 v.
332 1482 445 1510 inebrae

218 1557 231 1580 1
251 1554 283 1580 ut
301 1561 351 1580 om.
372 1552 443 1579 FM
455 1554 465 1588 ΙΙ
479 1564 585 1580 mmnri
605 1563 699 1581 1101(ωο
720 1553 750 1580 F
771 1564 852 1581 mwn
872 1564 962 1581 οΛκωΝ
978 1554 1004 1580 L
1026 1555 1115 1581 manti
1134 1564 1228 1582 namus
1243 1557 1281 1589 E,
1300 1566 1350 1584 om.
1367 1559 1404 1584 M
1416 1559 1425 1593 ΙΙ

144 1591 160 1615 2
179 1589 216 1615 ad
241 1588 340 1615 infelix
365 1590 444 1615 vates
472 1597 549 1623 supr.
575 1598 642 1616 vers.
669 1592 693 1616 et
718 1590 750 1616 in
773 1598 858 1624 mary.
883 1590 982 1616 nuntia.
1000 1590 1176 1617 infelicitatis
1195 1593 1224 1618 et
1242 1593 1353 1619 uidetur
1372 1594 1423 1620 hoc

143 1632 231 1659 genus
255 1624 374 1658 auspicii
392 1624 523 1651 inducere
543 1646 549 1651 .
570 1647 575 1652 .
596 1647 602 1653 .
623 1625 698 1659 quod
717 1625 838 1652 suturam
858 1625 960 1652 famem
980 1626 1161 1660 praenuntiat
1183 1627 1229 1662 ΤΙΙ
1248 1628 1360 1654 videtur
1378 1629 1424 1655 hic

171 1681 177 1687 .
198 1680 204 1685 .
224 1659 273 1686 ubi
298 1668 363 1686 vere
389 1659 479 1686 diram
505 1660 566 1686 vult
592 1661 682 1688 videri
704 1661 764 1688 hab.
786 1661 909 1687 Ambros.
938 1662 947 1694 ΙΙ
974 1665 989 1687 3
1010 1662 1044 1688 de
1068 1661 1141 1688 deris
1161 1662 1191 1688 F
1208 1664 1242 1690 de
1262 1663 1314 1690 diis
1336 1664 1361 1689 Τ
1379 1665 1424 1698 ((10

143 1695 259 1722 deorum
279 1695 367 1730 signis
385 1703 517 1729 superscr.
537 1697 628 1722 eadem
647 1697 756 1730 manus)
771 1697 811 1730 {14
830 1705 948 1729 quorum
969 1717 974 1723 .
996 1718 1001 1723 .
1023 1718 1028 1723 .
1048 1697 1153 1723 utimur
1172 1706 1222 1724 om.
1246 1699 1270 1724 T
1282 1700 1291 1731 ΙΙ
1305 1707 1422 1733 quarum

143 1730 174 1757 F
189 1732 198 1764 ΙΙ
218 1739 251 1757 ex
270 1730 356 1765 signis
375 1731 493 1757 Daniel:
512 1732 541 1757 et
559 1731 645 1766 signis
666 1731 696 1758 F
721 1733 751 1758 et
769 1732 896 1766 superius
918 1733 1041 1759 Ambros.
1064 1733 1073 1766 ΙΙ
1094 1733 1161 1767 quo]
1182 1734 1230 1766 qui
1250 1734 1280 1759 F
1298 1735 1307 1768 ΙΙ
1328 1738 1343 1761 5
1364 1744 1423 1762 esse

143 1774 192 1793 om.
215 1766 240 1792 T
251 1767 261 1800 ΙΙ
280 1768 309 1793 et
328 1766 442 1801 oscinis]
463 1767 516 1793 hoc
535 1768 579 1793 est
598 1767 720 1793 oschinis
742 1767 767 1793 T
779 1768 789 1801 ΙΙ
808 1771 823 1793 6
843 1776 908 1794 eam
925 1776 975 1794 om.
995 1768 1025 1793 F
1037 1769 1046 1801 ΙΙ
1060 1767 1141 1803 facit]
1162 1769 1230 1795 facit
1249 1778 1311 1796 eam
1333 1771 1358 1796 T
1384 1771 1423 1797 fa.-

143 1802 200 1828 ciat
217 1802 341 1828 Ambros.
357 1803 366 1836 ΙΙ
380 1803 503 1829 oscinem
523 1802 553 1828 F
579 1803 700 1829 oschinis
723 1803 746 1828 T
759 1805 768 1836 n
782 1803 946 1836 exprimitur
968 1803 992 1829 T
1009 1804 1132 1829 Anzbros.
1147 1805 1156 1838 ΙΙ
1172 1807 1186 1830 7
1205 1805 1298 1831 famen
1318 1806 1423 1832 denun-

141 1837 195 1864 tiet
213 1838 337 1864 Ambros.
358 1838 367 1872 ΙΙ
385 1837 456 1872 sive]
477 1837 529 1864 sibi
550 1837 581 1864 F
592 1840 601 1872 ss
620 1842 635 1865 8
655 1837 716 1872 seu]
737 1846 803 1865 saeu
824 1838 854 1863 F
865 1839 874 1872 ΙΙ
888 1847 937 1865 nos
956 1839 1079 1866 Ambros
1099 1840 1108 1873 ΙΙ
1127 1839 1199 1874 dira]
1221 1840 1257 1874 dy
1277 1840 1307 1866 F
1318 1842 1327 1874 ΙΙ
1342 1844 1357 1867 9
1377 1850 1422 1868 ve-

141 1882 203 1899 rum
226 1881 276 1900 om.
296 1874 421 1900 Ambros.
449 1874 458 1907 ΙΙ
486 1882 548 1899 cum
567 1882 617 1900 om.
638 1873 669 1899 F
693 1875 703 1907 ΙΙ
731 1877 763 1900 10
783 1874 865 1900 alites
887 1874 993 1900 Tollius
1011 1875 1048 1900 ad
1067 1875 1171 1901 Auson.
1192 1876 1275 1909 epiyr.
1295 1877 1321 1903 1:
1341 1876 1424 1904 aliter

1074 1919 1089 1938 h

140 1943 298 1971 FAmbros.
311 1945 322 1978 ΙΙ
335 1945 371 1971 ab
386 1943 546 1978 auspicibus
561 1944 685 1971 Ambros.
700 1945 710 1978 ΙΙ
725 1947 757 1970 12
768 1944 882 1971 inebrae
892 1944 1031 1971 Ambros.:
1046 1944 1152 1971 iuibrae
1164 1945 1194 1971 F
1208 1946 1237 1976 (11
1251 1947 1309 1973 ead.
1321 1948 1404 1981 man.)
1413 1948 1422 1983 Η

108 1987 112 1989 ’
140 1979 271 2007 dicuntur
284 1980 408 2007 Ambros.
420 1980 523 2006 Daniel
536 1981 545 2013 ΙΙ
561 1983 593 2006 13
609 1980 746 2014 signatius
765 1979 835 2006 dicit
848 1981 961 2014 scripsi:
981 1980 1108 2014 signatus
1123 1981 1192 2007 dicit
1202 1981 1233 2007 F
1249 1982 1344 2016 signat
1358 1991 1421 2009 cum

141 2014 211 2041 dicit
228 2015 352 2042 Ambros.
378 2015 517 2050 significat
536 2024 598 2042 cum
617 2015 687 2042 dicit
705 2016 809 2042 Daniel
831 2017 840 2049 ss
865 2019 897 2041 14
917 2015 1011 2042 uidere
1028 2015 1058 2041 F
1069 2017 1078 2050 ΙΙ
1094 2019 1126 2043 16
1146 2017 1183 2043 acl
1201 2018 1305 2051 rumpit
1323 2027 1420 2045 vocem

140 2050 171 2076 in
195 2059 279 2085 mary.
304 2051 410 2085 rumpit
432 2060 539 2078 uocem.
568 2051 723 2078 notandum
746 2050 827 2077 nobis
847 2052 890 2077 est
909 2059 971 2077 cum
991 2051 1045 2078 hoc
1064 2053 1097 2078 de
1117 2051 1229 2078 silentio
1248 2053 1338 2080 soleat
1356 2054 1420 2081 dici.

140 2094 206 2112 nam
229 2095 357 2120 rumpere
382 2095 481 2114 uocem
504 2087 616 2120 proprie
641 2087 684 2113 est
707 2088 810 2113 tacere.
837 2095 965 2120 rumpere
985 2087 1126 2113 silentium
1146 2087 1232 2121 loqui.
1260 2097 1326 2122 ergo
1346 2090 1422 2123 rupit

140 2129 237 2147 uocem
262 2122 328 2155 quia
349 2123 460 2148 tantum
486 2123 592 2149 habens
616 2122 717 2149 faciem
742 2123 840 2148 contra
867 2123 995 2148 naturam
1019 2122 1062 2148 sui
1081 2123 1204 2157 corporis
1223 2123 1349 2158 loquitur
1371 2125 1421 2159 '1¹35

143 2159 176 2182 17
196 2157 348 2184 humanum
368 2157 398 2184 F
418 2158 428 2192 ΙΙ
453 2161 484 2184 19
504 2159 541 2184 ad
564 2166 630 2186 vers.
651 2161 702 2184 247
722 2157 834 2184 iteratio
854 2158 897 2184 est
914 2157 990 2184 facta
1010 2158 1045 2184 ad
1064 2159 1223 2193 augendam
1241 2159 1375 2186 inuidiam
1396 2164 1420 2186 et

139 2191 193 2218 hoc
207 2192 268 2219 1000
283 2194 390 2220 aetates
405 2193 490 2220 boum
505 2193 597 2220 uoluit
612 2194 802 2220 demonstrare
815 2193 840 2219 T
852 2194 862 2226 ss
876 2193 924 2220 sed
938 2193 1071 2219 iteratum
1088 2194 1130 2220 est
1142 2194 1172 2220 F
1183 2195 1192 2228 ΙΙ
1206 2197 1240 2221 20
1251 2195 1299 2230 ad]
1312 2197 1361 2222 aut
1370 2195 1400 2221 F
1412 2198 1418 2229 ἒξ

140 2227 298 2261 augendum
319 2228 415 2262 F1121
436 2229 536 2256 uolunt
555 2228 585 2255 F
596 2230 605 2263 ΙΙ
620 2232 652 2255 22
672 2228 782 2263 natum]
803 2229 930 2255 neratum
950 2228 981 2254 F
1006 2228 1141 2256 obnatum
1162 2230 1215 2256 Me
1229 2231 1238 2264 ΙΙ
1253 2232 1289 2257 acl
1304 2231 1417 2257 Laome-

141 2262 291 2290 dontiadae
310 2265 342 2290 in
359 2273 445 2298 marq.
465 2265 518 2292 1100
536 2273 638 2291 nomen
657 2264 732 2298 quod
747 2266 789 2290 est
803 2263 1029 2291 laomedontiade
1043 2265 1119 2291 uarie
1135 2273 1168 2292 ex
1183 2274 1302 2300 persona
1316 2267 1417 2300 poetae

138 2298 261 2332 ponitur.
287 2299 334 2326 hic
353 2300 447 2326 autem
467 2310 500 2327 ex
518 2309 638 2334 persona
656 2299 835 2334 harpyiarum
855 2299 996 2326 inducitur
1014 2299 1120 2327 dictum
1140 2301 1206 2334 quia
1224 2310 1275 2335 pro
1290 2301 1418 2328 conuicio

139 2333 262 2368 positum
281 2335 324 2361 est
345 2335 370 2361 T
381 2335 391 2369 ss
404 2336 490 2370 poeta
510 2335 540 2362 F

192 2383 265 2403 Servii
280 2389 358 2405 comm.
372 2384 423 2405 VoL
438 2385 455 2406 L
470 2385 536 2405 Fue.
551 2386 569 2404 I.
739 2395 747 2400 ·
1169 2385 1202 2408 25
