1630 2684
453 137 567 166 COMM.
585 137 627 164 m
645 136 753 165 Vnae.
772 138 856 165 AEN.
877 139 896 165 1.
917 141 1030 165 εει-24.
1289 131 1294 134 “
1337 139 1379 170 21

101 220 205 253 diotae
229 222 306 252 sunt
326 230 442 262 parcae
461 217 543 251 κατὰ
567 216 784 261 ἀντίφρασιν,
808 219 893 261 quod
915 220 998 251 nulli
1016 222 1166 262 parcant,
1186 220 1270 253 siout
1287 221 1379 253 lucus

99 285 119 307 a
140 284 207 306 non
229 273 376 315 lucendo,
403 273 527 305 bellum
556 284 575 305 a
601 273 693 305 nulla
721 283 756 304 re
784 273 882 305 bella.
925 274 1055 305 nomina
1077 284 1249 314 parcarum
1273 273 1380 307 Clotho

99 327 246 359 Lachesis
267 326 408 367 Atropos.

187 380 238 418 23.
274 388 311 412 11)
338 388 501 412 METVENS
530 379 576 411 bis
603 379 691 411 idem
733 379 930 412 archaismos.
977 390 1052 412 sane
1080 380 1118 412 de
1147 380 1256 413 futuro
1280 381 1380 413 timor

99 436 164 476 est,
186 433 295 466 odium
318 433 356 465 de
379 432 575 474 praeteritis.
612 433 780 465 metuebat
804 444 881 475 ergo
906 432 1115 475 Carthagini,
1138 434 1246 465 odium
1271 437 1379 466 autern

98 486 240 521 habebat
257 487 391 528 propter
410 497 522 518 causas
543 489 722 528 sequentes.
750 489 783 519 et
807 489 856 518 est
877 487 915 518 de
934 488 1072 529 utroque
1092 487 1272 529 exemplum
1292 499 1378 520 con-

97 535 257 573 veniunt
281 539 419 581 quibus
444 541 509 571 aut
534 540 662 572 odium
688 540 841 572 crudele
867 528 1028 582 tyranni
1056 542 1121 572 aut
1143 543 1267 572 metus
1292 551 1378 573 acer

97 595 188 625 erat.
277 601 426 625 VETERIS
455 602 560 625 BELLI
589 596 745 635 quantum
774 594 815 625 ad
842 593 1026 635 Vergilium
1054 594 1208 635 pertinet,
1237 594 1377 635 antiqui3

97 646 126 679 si
148 646 188 678 ad
210 645 367 677 Iunonem
391 646 525 688 referas,
549 647 603 679 diu
627 648 662 679 id
683 650 727 679 est
743 658 803 688 per
825 648 1004 679 decennium
1027 647 1122 688 gesti.
1141 670 1146 674 .
1167 649 1245 679 tuno
1269 649 1377 679 autem

96 699 137 733 ad
166 710 340 741 personam
373 700 576 732 referendum
609 702 671 742 est,
706 712 778 732 cum
811 700 883 742 ipsa
916 700 1074 742 loquitur3
1107 700 1193 742 quod
1227 700 1255 731 si
1286 700 1377 731 nulla

91 759 234 794 ‘persona
261 753 317 794 sit,
346 753 385 784 ad
412 755 545 795 poetam
572 754 719 786 refertur.
769 765 853 785 nunc
884 763 962 795 ergo
991 752 1142 785 ‘veteris'
1171 764 1210 784 ex
1238 764 1378 794 persona

94 807 210 848 poetae
224 806 487 848 intellegendum.
516 808 561 839 sie
580 807 650 849 ipse
664 808 699 839 in
714 807 778 839 alio
794 808 866 839 loco
886 807 1078 839 mirantur
1094 806 1196 838 'dona
1211 806 1377 848 Aeneae,

72 886 76 890 .
94 859 284 891 mirantur
302 859 428 891 Iulum
447 860 742 903 flagrantesque
762 861 822 892 dei
841 861 973 893 vultus
992 861 1119 902 partem
1135 860 1174 892 ad
1190 871 1224 892 se
1239 860 1376 902 rettulit,

93 913 220 954 partem
253 913 293 944 ad
325 913 456 955 Tyrios,
491 914 545 955 qui
576 915 670 946 deum
703 925 772 946 eum
805 925 875 947 esse
906 914 1103 946 nesciebant.
1201 922 1377 946 SATVRNIA

95 967 319 999 antonomasia
342 969 404 1008 est,
434 978 500 999 non
528 967 709 1009 epitheton,
740 979 822 1009 quae
849 968 889 999 fit
913 967 1062 1009 quotiens
1086 978 1145 1009 pro
1168 968 1298 1009 proprio
1321 979 1376 1000 no-

95 1019 181 1051 mine
210 1020 343 1061 ponitur
373 1020 458 1062 quod
488 1022 598 1061 potest
628 1032 697 1053 esse
723 1032 794 1053 cum
824 1021 955 1062 proprio
985 1022 1115 1053 nomine
1146 1023 1179 1053 et
1209 1021 1377 1063 epitheton

95 1073 167 1105 dici.
214 1073 399 1106 ‘Saturnia'
429 1076 531 1105 autem
561 1084 669 1106 nomen
699 1076 789 1115 quasi
817 1075 860 1107 asl
888 1075 1094 1106 crudelitatem
1123 1078 1230 1115 aptum
1256 1075 1376 1115 posuit;

101 1126 254 1168 Veryilius
278 1128 367 1159 'enim
396 1127 575 1167 ubicumque
604 1128 674 1160 Iovi
701 1129 747 1160 vel
776 1128 894 1160 Iunoni
923 1127 1055 1160 Saturni
1087 1139 1198 1160 nomen
1227 1129 1377 1169 adiunfit,

95 1191 206 1213 causas
225 1182 269 1213 eis
287 1182 476 1219 crudelitatis
494 1182 640 1220 acl-nectit,
665 1184 700 1213 ut
716 1192 780 1213 nec
798 1181 1003 1214 Saturnius
1026 1182 1111 1214 haec
1134 1182 1251 1214 oeulis
1267 1184 1377 1222 pater

95 1234 233 1275 aspicit
259 1235 395 1275 aequis.
440 1237 469 1266 et
490 1235 567 1266 alibi
596 1245 631 1267 es
658 1246 836 1276 yermana
865 1235 969 1267 Iovis
999 1235 1229 1275 Saturnique
1258 1236 1377 1267 altera

8 1277 19 1285 l
38 1291 61 1298 ’“
90 1288 235 1328 proles:
259 1288 405 1320 irarum
429 1290 552 1320 tantos
573 1288 690 1320 volvis
712 1289 775 1320 sub
792 1291 940 1329 pectore
960 1288 1109 1328 fluctus.

185 1341 238 1373 24.
274 1350 383 1372 PRIMA
421 1341 512 1383 atqui
545 1340 702 1373 Hercules
739 1342 828 1382 prior
865 1344 979 1374 conti-a
1009 1342 1166 1374 Troianos
1203 1343 1374 1384 pugnavit:

98 1393 180 1426 unde
204 1395 299 1426 modo
324 1394 462 1436 ‘prima’
486 1395 636 1436 princeps
661 1395 846 1436 accipienda
869 1397 926 1427 est.
972 1407 1048 1427 narn
1066 1397 1164 1436 poeta
1186 1396 1375 1438 plerumque

98 1447 370 1489 significationem
393 1450 562 1480 nominum
585 1448 640 1480 dat
663 1448 860 1489 participiis,
883 1449 934 1480 vel
963 1451 1090 1490 eontra,
1118 1451 1154 1480 ut
1182 1449 1376 1488 volventi-

73 1515 76 1518 ·
98 1500 167 1532 bus
191 1501 315 1543 annis,
339 1501 503 1542 significat
527 1502 611 1534 enim
635 1502 844 1534 volubilibus.
881 1502 942 1534 hac
966 1502 1098 1534 licentia
1121 1504 1154 1534 et
1177 1502 1215 1534 in·
1235 1502 1297 1534 hoe
1320 1514 1375 1534 no-

174 1618 188 1641 1
209 1615 301 1642 dictae
322 1636 348 1641 ..
365 1637 369 1642 .
390 1616 519 1650 parcant]
541 1624 625 1643 exscr.
646 1615 710 1643 Isid.
730 1616 799 1650 orig.
819 1616 884 1642 VIII
906 1619 946 1649 11,
967 1619 1008 1642 93.
1028 1617 1169 1651 mythogr.
1189 1617 1201 1642 I
1222 1619 1271 1643 110
1291 1617 1320 1643 et
1338 1617 1376 1642 III

99 1654 123 1683 6,
143 1653 176 1677 23
201 1651 211 1684 ΙΙ
234 1654 249 1678 6
269 1651 449 1686 conveniunt]
469 1652 501 1678 A.
520 1652 533 1677 Ι
558 1655 606 1678 361
633 1652 642 1685 ΙΙ
666 1655 698 1678 12
721 1651 870 1686 mirantur]
890 1652 922 1678 A.
943 1652 954 1678 Ι
979 1655 1029 1678 709
1053 1654 1062 1686 ΙΙ
1088 1655 1119 1679 19
1142 1661 1193 1679 nec
1218 1651 1374 1686 Saturnius]

98 1686 130 1713 A.
149 1686 188 1713 IV
207 1689 258 1713 372
282 1687 292 1720 ΙΙ
315 1690 349 1713 20
368 1695 397 1714 es
416 1687 561 1722 germana]
582 1687 613 1715 A.
634 1687 686 1714 XII
705 1691 757 1714 830
780 1689 789 1721 11
812 1690 846 1714 24
866 1687 1055 1722 volventibus]
1075 1689 1107 1715 A.
1128 1688 1140 1713 I
1160 1691 1211 1714 234

1398 706 1431 730 10

1397 973 1429 997 15

1395 1239 1429 1262 20

1395 1506 1428 1529 25

170 1797 183 1820 1
209 1802 310 1828 parcae
333 1802 381 1820 om.
406 1794 473 1820 ΒΚ
476 1795 514 1820 Μ
534 1795 543 1828 ΙΙ
566 1803 616 1829 per
639 1794 787 1821 antifrasin
809 1794 880 1820 ΒΜ
886 1794 909 1820 O
915 1794 940 1821 ³1
968 1794 1137 1821 catanfrasin
1160 1795 1194 1820 K
1219 1796 1283 1821 cata
1305 1794 1376 1821 anti·
1413 1801 1415 1803 ·

97 1828 184 1856 frasin
204 1829 295 1856 OLH
313 1831 322 1863 ΙΙ
345 1833 362 1856 4
381 1830 418 1856 ad
436 1839 460 1856 v.
482 1833 514 1856 23
534 1830 566 1856 Id
585 1830 724 1864 metuens]
745 1830 787 1856 bis
807 1830 889 1856 idem.
925 1830 1103 1857 archaismos.
1139 1839 1203 1857 sane
1230 1830 1263 1856 de
1283 1830 1375 1856 futuro

99 1864 184 1892 timor
202 1866 256 1898 est,
276 1865 399 1891 studium
419 1865 452 1892 de
476 1865 644 1899 praeteritis.
677 1866 821 1892 metuebat
840 1865 1010 1899 Carthagini.
1049 1865 1190 1899 Saturnia]
1215 1866 1375 1892 antonoma-

99 1900 141 1927 sia
164 1901 207 1927 est
311 1901 473 1934 epitheton
484 1901 546 1927 dici.
576 1901 602 1926 P
623 1902 633 1935 1}
655 1899 698 1927 bis
723 1901 806 1927 idem.
835 1901 1005 1927 archaismos
1032 1909 1097 1927 sane
1123 1902 1258 1934 expunxit
1284 1901 1321 1926 0³
1346 1903 1377 1926 ut

97 1936 213 1962 videtur.
249 1935 293 1962 bis
317 1937 392 1962 idem
415 1937 504 1963 nescio
528 1945 566 1963 an
589 1937 626 1962 ad
644 1945 667 1962 v.
688 1939 721 1962 25
742 1939 790 1963 aut
808 1945 832 1962 v
853 1939 899 1969 27,
924 1936 1096 1963 archaismos
1122 1937 1159 1962 ad
1184 1935 1291 1962 excidio
1313 1944 1375 1969 per-

98 1971 184 1998 tineat
206 1972 216 2006 ΙΙ
238 1972 369 2006 Mnrvnus]
393 1972 495 1998 timens
519 1973 581 1999 add.
602 1972 629 1997 Β
657 1972 686 1998 id
708 1972 811 1998 timens
835 1972 898 1998 add.
922 1972 956 1997 H
960 1972 994 1997 M
1002 1971 1069 2005 G³‹p
1097 1972 1150 1998 hoc
1174 1972 1216 1998 est
1238 1971 1376 1998 excidium

99 2006 275 2041 Carthaginis
294 2016 363 2041 quae
379 2008 533 2034 Masvicius
550 2008 657 2040 primus
673 2010 735 2040 post
753 2007 854 2033 timens
868 2007 985 2033 inseruit
1002 2008 1091 2033 nescio
1105 2007 1178 2034 uncle
1195 2008 1281 2040 petita
1294 2007 1351 2033 sint
1368 2007 1377 2041 Η

99 2042 134 2069 de
152 2042 244 2069 futuro
264 2043 295 2069 K
301 2042 334 2069 G:
354 2043 388 2069 de
402 2043 495 2069 futuro
511 2043 584 2069 enim
599 2043 657 2068 BL
663 2043 696 2068 Η
701 2043 737 2069 Μ
743 2042 765 2068 G
770 2043 780 2057 ³
785 2044 833 2076 φΙΙ
846 2042 931 2069 timor
949 2044 991 2069 est
1009 2042 1116 2077 odium]
1135 2042 1235 2068 timore
1255 2042 1377 2069 studium

101 2077 124 2105 G
140 2079 219 2112 (corr.
241 2078 279 2105 0³
298 2081 328 2105 ut
346 2079 464 2112 videtur)
487 2080 496 2112 ΙΙ
519 2079 604 2105 timor
623 2078 676 2113 est]
696 2078 826 2104 timorem
841 2078 866 2103 L
887 2078 915 2111 (Γ.
934 2078 1034 2104 habuit
1052 2086 1184 2111 superscr.
1200 2079 1251 2110 1))11
1275 2081 1290 2104 9
1309 2079 1377 2104 tunc

98 2113 204 2148 autem]
223 2114 291 2140 tune
310 2114 342 2139 K
359 2122 425 2140 sane
444 2115 510 2141 tune
531 2114 554 2140 G
569 2115 578 2147 ss
600 2118 629 2140 11
650 2114 728 2148 ergo]
749 2122 815 2140 uero
835 2114 860 2139 L
878 2114 887 2147 ss
908 2116 939 2139 12
959 2113 1092 2147 intellege
1109 2113 1141 2139 K
1156 2113 1376 2146 intellegendum

99 2150 142 2176 est
159 2149 231 2176 L0³
244 2150 253 2183 ΙΙ
269 2153 301 2175 13
321 2150 424 2183 partim
443 2152 468 2175 et
488 2153 520 2176 14
540 2151 649 2184 partym
670 2150 695 2175 L
709 2151 718 2183 ΙΙ
735 2153 765 2176 17
790 2149 984 2175 credulitatem
1005 2149 1028 2175 Ο
1039 2150 1048 2183 ΙΙ
1064 2151 1095 2175 18
1119 2149 1230 2175 iunonis
1251 2149 1274 2175 Ο
1291 2149 1345 2182 (sed
1365 2157 1376 2174 s

99 2186 187 2218 erasa)
211 2186 221 2218 ss
244 2188 277 2211 22
302 2186 339 2212 ad
357 2188 391 2211 24
416 2185 522 2219 Prima]
547 2186 625 2219 atqui
646 2206 650 2211 .
669 2206 695 2211 ..
716 2185 878 2218 accipienda
901 2186 950 2211 est.
988 2185 1037 2210 aiii
1058 2185 1178 2219 ‘prima'
1205 2184 1376 2218 simpliciter

954 2234 974 2248 Sl

99 2256 198 2290 postea
222 2256 296 2282 enim
322 2255 371 2282 alii
396 2255 436 2281 dii
458 2255 593 2282 interesse
618 2256 781 2289 coeperunt;
807 2255 856 2281 alii
881 2254 934 2281 dea
953 2254 1023 2288 qtes
1047 2254 1107 2288 (alii
1130 2255 1164 2281 de
1183 2263 1255 2288 aqua
1275 2254 1378 2280 Daniel

100 2290 227 2325 aliaeque
251 2291 319 2317 deae
343 2291 477 2317 Heinsius
499 2291 664 2317 Burmanno
687 2291 769 2323 teste.)
806 2290 918 2324 proprie
945 2290 1066 2324 ‘prima'
1091 2290 1163 2316 inter
1186 2290 1298 2324 primos
1341 2289 1377 2315 ad

101 2326 224 2361 Troiam]
249 2327 285 2353 ad
308 2328 337 2353 et
360 2335 395 2360 ap
397 2326 465 2353 ud.
504 2327 610 2354 ..Iuno
649 2326 727 2353 Caris
745 2326 840 2361 Argis]
867 2326 926 2352 illie
950 2326 1024 2352 enim
1123 2334 1178 2352 non
1202 2326 1298 2360 Argos
1325 2325 1370 2351 Ρ·

101 2364 134 2388 23
152 2362 344 2397 accipiendum
362 2362 433 2388 ΒΜ
440 2347 509 2389 C³l
