1722 2670
532 138 644 166 COMM.
663 138 702 164 IN
721 137 830 165 VERG.
849 129 933 165 AEN.
954 114 999 165 111.
1020 140 1133 165 55-63.
1403 135 1466 167 347

191 221 344 255 ‘similis'.
412 224 455 254 est
481 230 563 253 unus
590 220 716 252 animus
743 222 799 252 aut
820 220 902 252 idem
924 219 1056 251 consiliu
1089 244 1096 251 .
1141 221 1170 250 et
1191 219 1245 251 hoc
1270 219 1358 251 iuxta
1379 218 1468 250 disci-

182 277 308 318 plinam
335 276 516 317 auquralem
543 275 634 315 dixit,
661 284 739 315 quae
769 273 945 314 appellatur
967 229 1134 312 οοηεενῖίο,
1162 273 1243 305 sicut
1264 273 1299 304 in
1323 272 1400 304 libro
1423 282 1469 304 se-

188 331 286 362 cundo
309 331 422 362 dictum
445 331 495 361 est.
587 335 789 360 SCELERATA
813 335 926 358 TERRA
949 337 1008 367 pro
1034 326 1273 358 sceleratorum.
1327 358 1330 359 γ

279 384 331 416 61.
369 391 551 415 GLASSIBVS
566 390 721 414 AVSTROS
735 381 913 422 hypallage
929 381 993 421 est;
1008 390 1084 411 nam
1098 380 1207 412 classes
1221 380 1338 411 austris
1351 380 1469 411 damus.

282 437 334 469 62.
371 444 614 468 INSTAVRAMVS
638 444 752 467 FVNVS
777 434 872 466 modo
897 434 1090 475 sepulcrum,
1114 433 1199 475 quod
1222 433 1367 474 virgulta
1386 432 1469 464 avel-

188 491 283 523 lendo
307 490 463 522 diruerat:
487 501 563 522 nam
586 490 715 531 proprie
739 489 835 520 funus
860 490 910 520 est
933 488 1100 520 incensum
1123 487 1269 520 cadaver.

279 545 330 577 63.
366 556 533 577 AGGERJTVR
550 556 667 576 1111111110
683 556 754 575 ΤΕιι
761 555 794 574 VS
810 545 847 574 ut
864 542 1028 574 ostenderet
1040 552 1146 573 verum
1161 541 1322 580 tumulum,
1341 551 1379 572 ne
1391 540 1471 580 forte

187 598 302 639 aliquis
337 598 420 630 alius
456 597 537 629 illud
571 607 673 628 errore
703 596 839 628 violaret.
930 604 1042 628 s'rAN'r
1077 595 1203 636 positae
1236 596 1321 626 sunt.
1368 594 1471 626 multa

187 654 306 693 autem,
329 655 366 683 ut
389 662 487 692 supra
510 650 547 691 <Ι
571 650 658 691 646>
684 650 834 691 diximus,
857 649 910 681 hic
936 661 1041 682 sermo
1067 649 1238 691 significat.
1315 656 1469 679 MANIBVS

187 717 298 737 manes
323 706 401 737 sunt
424 705 550 736 animae
574 704 632 735 illo
657 705 812 745 tempore,
836 714 899 745 quo
920 703 958 735 de
979 704 1053 735 aliis
1073 703 1258 735 recedentes
1279 701 1469 743 corporibus

186 759 322 791 necdum
350 759 385 790 in
413 758 479 790 alia
507 758 712 790 transierunt.
760 759 836 789 sunt
864 759 973 789 autem
996 758 1126 799 noxiae,
1158 758 1190 788 et
1213 752 1469 787 dicuntuuch&

187 810 406 855 ἀντίφρασινε
435 823 510 843 nam
539 823 684 853 manum,
714 813 751 843 ut
779 823 877 852 supra
900 811 937 852 <I
963 812 1047 853 139>
1076 811 1229 851 diximus,
1257 810 1379 842 bonum
1408 811 1469 850 est3

186 866 270 898 unde
309 868 341 898 et
379 878 472 898 mane
511 866 631 898 dictum
670 868 729 897 est.
776 865 928 897 similiter
962 865 1062 897 etiam
1094 864 1292 897 Eumenidas
1325 863 1471 901 dicimus,

186 920 321 961 Parcas,
348 920 484 961 bellum,
512 920 628 956 lucum.
675 920 733 951 alii
761 930 871 951 manes
901 931 920 951 a
948 919 1108 951 manando
1133 918 1237 950 dictos
1261 917 1470 958 intellegunt:

189 985 265 1005 nam
290 973 459 1005 animabus
483 974 580 1015 plena
604 975 680 1005 sunt
703 974 774 1005 loca
797 973 883 1004 inter
902 973 1049 1004 lunarem
1069 975 1102 1004 et
1120 974 1286 1004 terrenum
1307 971 1471 1011 circulum,

188 1027 272 1059 unde
298 1030 331 1058 et
354 1027 506 1058 defluunt.
535 1026 674 1065 Quidam
697 1037 803 1058 manes
815 1026 899 1058 ‘deos
918 1026 1063 1058 infernos
1082 1026 1224 1058 tradunt.
1246 1025 1373 1065 quidam
1392 1025 1471 1056 alios

189 1091 308 1122 manes,
341 1080 421 1112 alios
447 1081 516 1112 deos
543 1081 682 1120 infernos
709 1081 830 1112 dicunt:
858 1080 995 1121 plurimi
1017 1082 1053 1111 ut
1074 1078 1151 1112 deos*
1165 1080 1301 1111 caelestes
1323 1079 1470 1119 vivorum,

188 1135 234 1166 ita
271 1145 378 1166 manes
414 1137 605 1166 mortuorum
639 1134 841 1166 tradiderunt.
891 1134 950 1165 alii
981 1144 1088 1165 manes
1119 1135 1283 1165 nocturnos
1314 1142 1376 1164 esse
1406 1133 1471 1164 eius

261 1225 294 1249 10
313 1230 408 1249 manes
428 1223 493 1249 sunt
511 1230 534 1249 8.
554 1232 580 1257 q.
600 1223 634 1257 s.]
655 1222 689 1249 cf.
709 1221 774 1248 Isid.
794 1231 832 1249 or.
852 1222 916 1249 vm
937 1225 1050 1256 11,100

261 1307 273 1329 1
295 1303 349 1330 hoc
376 1304 418 1330 est
441 1312 511 1329 unus
535 1303 644 1329 animus
664 1325 669 1330 .
691 1325 696 1329 .
717 1302 849 1330 .dictum
873 1303 916 1329 est
937 1303 998 1329 hab
1019 1303 1142 1329 Δηὼ-,οε
1172 1302 1324 1336 praemisso
1348 1302 1471 1328 lemmate

191 1339 319 1366 omnibus
342 1338 417 1365 idem
441 1339 550 1365 animus
574 1339 712 1365 scelerata
731 1339 862 1365 excedere
882 1340 958 1365 terra
985 1339 994 1372 ss
1021 1339 1064 1365 est
1082 1339 1176 1364 autem
1195 1346 1266 1364 unus
1287 1334 1443 1363 Masvicius
1461 1337 1471 1372 Η

191 1378 207 1401 3
227 1383 276 1408 pro
296 1383 345 1401 om.
367 1375 403 1400 M
416 1375 426 1407 ΙΙ
440 1375 607 1401 scelatorum
623 1375 649 1401 L
668 1376 747 1408 (corr.
768 1375 787 1408 7)
802 1375 811 1408 ΙΙ
826 1375 1037 1409 sceleratorum]
1057 1375 1089 1400 ut
1107 1382 1191 1407 supra
1211 1374 1245 1407 (H
1262 1374 1323 1406 765)
1346 1372 1470 1406 ‘captiva

190 1410 285 1437 vestis'
312 1410 374 1436 add.
394 1410 424 1436 D
446 1410 456 1444 ss
484 1414 499 1436 4
519 1411 556 1437 ad
575 1412 683 1437 austros
701 1419 788 1444 suffla
806 1419 912 1436 versum
930 1411 995 1436 haec
1014 1410 1154 1443 adscripta
1173 1410 1204 1435 in
1226 1409 1250 1435 T
1264 1409 1395 1442 ypallage
1414 1417 1471 1435 non

189 1446 263 1472 enim
283 1446 380 1472 damus
400 1447 510 1472 austros
529 1446 648 1472 nauibus
667 1446 715 1472 sed
734 1454 821 1472 naues
840 1446 942 1472 austris
956 1447 965 1480 ΙῘ
979 1446 1022 1472 est
1041 1454 1090 1472 om.
1106 1445 1131 1471 L
1145 1446 1154 1479 ΙΙ
1168 1445 1264 1471 dasses
1280 1444 1310 1470 F
1321 1445 1330 1478 ss
1345 1447 1361 1470 5
1379 1444 1437 1470 ad
1429 1453 1470 1470 111-

189 1482 347 1508 stauramus
372 1489 459 1514 supra
481 1490 586 1508 versum
610 1483 674 1508 haec
697 1482 838 1515 adscripta
857 1482 888 1508 in
911 1481 935 1507 T
962 1482 1149 1508 restauramus
1169 1480 1234 1514 quia
1253 1480 1409 1506 instaurare
1429 1479 1469 1505 di-

189 1518 291 1543 cuntur
313 1516 441 1542 aedificia
465 1525 528 1543 cum
547 1517 583 1544 ad
603 1517 812 1544 similitudinem
832 1517 956 1551 priorum
975 1517 1053 1543 fiunt.
1077 1517 1086 1550 ss
1111 1520 1124 1543 7
1145 1518 1176 1542 ut
1195 1516 1354 1542 ostenderet
1373 1524 1470 1542 uerum

189 1553 328 1579 tumulum
349 1553 386 1578 ad
404 1553 548 1586 aggeritur
566 1562 653 1586 supra-
671 1561 776 1580 versum
796 1554 937 1586 adscripta
956 1553 987 1579 in
1005 1553 1029 1578 T
1040 1554 1048 1586 ΙΙ
1063 1556 1078 1579 8
1093 1552 1164 1578 illud
1181 1552 1374 1578 Oommelimcs:
1394 1551 1471 1577 aliud

190 1588 220 1614 F
231 1589 241 1622 ΙΙ
254 1587 345 1614 multa
363 1590 459 1614 autem
479 1609 485 1615 .
507 1610 511 1615 .
532 1610 538 1615 ,
559 1589 700 1622 significat
718 1597 767 1615 om.
788 1589 818 1614 F
830 1590 839 1622 u
853 1592 868 1615 9
888 1589 920 1614 ut
936 1610 940 1615 .
958 1610 963 1615 .
981 1609 986 1614 .
1002 1597 1092 1615 sermo
1112 1596 1161 1615 om.
1183 1588 1220 1614 M
1238 1589 1280 1620 (ut
1299 1595 1383 1621 supra
1401 1586 1470 1612 dixi-

191 1633 253 1650 mus
273 1624 336 1650 add.
355 1631 381 1649 m
395 1624 404 1657 ΙΙ
420 1626 451 1649 11
473 1624 541 1659 alia]
562 1625 651 1651 altera
673 1625 709 1650 M
721 1625 730 1658 ΙΙ
745 1626 808 1651 cata
828 1624 974 1651 antifrasin
994 1624 1092 1650 FHE
1119 1624 1182 1650 cata
1201 1623 1354 1650 antefrasin
1374 1622 1399 1647 L
1421 1630 1471 1656 per

191 1659 339 1687 antifrasin
359 1659 395 1684 M
408 1660 418 1693 ΙΙ
434 1663 465 1685 12
484 1661 516 1686 ut
534 1669 617 1694 supra
636 1660 755 1686 diximus
775 1669 824 1686 om.
841 1660 871 1686 F
882 1661 891 1693 11
907 1663 938 1686 13
958 1660 1053 1686 1111(18.
1093 1659 1169 1694 .est]
1191 1659 1265 1685 unde
1285 1659 1328 1684 est
1347 1659 1375 1684 et
1389 1666 1470 1684 mane

189 1695 236 1722 uel
257 1703 370 1728 manum
395 1695 501 1721 dictum
521 1696 547 1721 L
575 1696 648 1722 unde
673 1696 701 1722 et
723 1704 820 1722 manes
844 1696 928 1722 MEZ
955 1697 964 1728 ss
992 1681 1121 1721 similiter
1146 1717 1150 1722 .
1173 1716 1178 1721 .
1229 1695 1322 1721 lucum
1347 1702 1396 1719 om.
1416 1693 1447 1719 F
1464 1693 1470 1718 l

192 1732 323 1766 dicimus]
344 1728 401 1758 απὸ
422 1741 471 1764 της
491 1729 639 1765 εὐμενείας
657 1731 687 1757 1(1
707 1732 747 1757 est
766 1740 783 1757 a
801 1731 996 1757 benevolentia
1015 1732 1047 1757 ut
1066 1732 1127 1757 add.
1148 1731 1177 1756 D
1196 1731 1205 1763 ΙΙ
1228 1733 1259 1756 15
1280 1729 1426 1756 amanibus
1445 1729 1471 1755 L

191 1768 214 1801 (1
232 1767 380 1794 animabus
398 1775 531 1800 supenrscy
553 1768 571 1800 l)
591 1767 719 1793 manibus
738 1767 818 1800 vulyo
832 1767 841 1801 ΙΙ
862 1770 894 1793 16
913 1767 1003 1792 fluunt
1023 1767 1094 1792 ME
1106 1768 1115 1799 n
1129 1766 1256 1799 tradunt]
1277 1773 1378 1798 eosque
1398 1765 1471 1790 inter

189 1803 305 1829 numina
323 1803 406 1830 laeva
425 1804 573 1829 numerant
591 1802 754 1836 placarique
772 1803 875 1836 putant
893 1802 1035 1828 sacrificiis
1050 1810 1084 1828 ne
1099 1802 1219 1828 noceant
1233 1802 1297 1827 add.
1314 1801 1471 1827 Masvicius

187 1839 298 1872 primus
311 1839 321 1873 ΙΙ
337 1842 368 1865 17
389 1838 502 1873 plurimi
523 1860 528 1865 .
545 1859 550 1864 .
567 1859 572 1864 .
593 1839 628 1864 ab
647 1838 745 1864 iisdem
765 1838 893 1864 manibus
913 1837 1069 1872 dictum]q
1071 1837 1167 1863 uidam
1185 1837 1301 1863 tradunt
1319 1837 1470 1862 nocturnos

191 1874 257 1901 deos
284 1874 341 1901 dici
366 1882 461 1900 manes
488 1874 546 1900 eius
566 1874 675 1900 scilicet
698 1873 783 1907 spatii
807 1873 881 1907 quod
905 1875 948 1899 est
966 1874 1040 1899 inter
1059 1873 1169 1899 caelum
1188 1873 1216 1899 et
1234 1873 1339 1899 terram
1358 1873 1387 1898 et
1405 1871 1470 1898 iude

190 1910 361 1944 potestatem
387 1910 491 1936 habe1e
515 1910 584 1936 roris
608 1910 656 1943 qui
676 1911 760 1935 noctu
779 1909 812 1934 de
833 1909 910 1935 caelo
930 1909 1014 1935 cadit
1034 1909 1083 1935 alii
1102 1917 1168 1935 uero
1188 1908 1285 1934 dicunt
1304 1907 1379 1941 quod
1398 1907 1471 1934 sicut

192 1945 309 1971 celestes
328 1946 395 1972 deos
414 1945 545 1971 dicebant
564 1954 623 1971 esse
641 1945 770 1971 uiuorum
789 1945 830 1970 ita
849 1946 878 1971 et
896 1945 1069 1971 mortuorum
1085 1952 1180 1970 manes
1196 1944 1327 1970 dicebant
1339 1944 1370 1969 in
1384 1951 1469 1976 marq

197 1980 241 2014 ΤΗ
256 1984 288 2007 18
307 1981 494 2015 tradiderunt]
520 1981 569 2007 alii
593 1981 694 2015 putant
716 1981 770 2007 hoc
789 1980 900 2006 nomine
919 1980 1076 2014 appellatas
1096 1980 1180 2006 fuisse
1200 1980 1307 2006 animas
1327 1980 1471 2013 separatas

192 2025 209 2042 a
229 2025 357 2050 corpore:
375 2017 449 2043 unde
468 2017 594 2043 videmus
613 2017 725 2043 vetusta
744 2011 933 2049 sepisscrorum
953 2017 1134 2050 monumenta
1151 2025 1206 2041 nus
1221 2024 1336 2041 MAsmvs
1355 2023 1414 2040 esse
1429 2014 1469 2040 in-

193 2051 304 2086 scripta.
337 2052 366 2078 in
390 2061 445 2086 qua
471 2052 556 2078 etiam
580 2052 720 2078 sententia
743 2052 854 2078 videtur
878 2060 936 2077 esse
956 2046 1090 2092 Apuleius
1115 2051 1148 2077 de
1172 2051 1319 2077 daemonio
1339 2049 1469 2077 Socratis.

193 2087 237 2120 (cf.
258 2088 290 2113 de
309 2089 356 2114 deo
375 2088 497 2114 Socratis
516 2097 575 2121 cap.
595 2088 657 2121 XV)
683 2087 801 2113 ‘’manes
827 2087 946 2120 inquit‘
950 2087 1059 2113 animae
1078 2087 1208 2113 dicuntur
1226 2086 1350 2113 melioris
1369 2085 1470 2118 meriti,

192 2131 263 2156 quae
283 2122 312 2149 in
331 2132 446 2157 corpore
466 2124 561 2150 nostro
582 2123 657 2158 genii
676 2123 818 2153 dicuntum
843 2123 953 2155 corpori
972 2122 1163 2149 renuntiantes
1183 2123 1314 2155 lemures·
1339 2130 1401 2148 cum
1422 2121 1469 2147 do-

194 2166 254 2184 mos
274 2158 476 2185 incursionibus
496 2159 670 2192 infestarent,
689 2159 784 2185 larvae
804 2158 1034 2192 appellabantu13
1055 2158 1152 2185 contra
1167 2158 1191 2184 si
1205 2158 1287 2192 aequi
1302 2158 1331 2183 et
1343 2157 1470 2183 faventes

194 2194 299 2227 essent,
325 2194 397 2221 lares
421 2194 596 2221 familiares&
635 2181 699 2221 su⁷nt
722 2194 806 2220 etiam
826 2193 875 2227 qui
892 2194 992 2227 putent
1010 2202 1106 2221 manes
1126 2194 1238 2220 eosdem
1257 2202 1316 2220 esse
1337 2202 1405 2226 quos
1425 2201 1470 2218 ve-

193 2229 284 2256 tustas
305 2230 401 2263 genios
421 2231 583 2264 appellavit,
603 2231 727 2264 duosque
747 2238 842 2255 manes
862 2229 1023 2263 corporibus
1042 2230 1077 2256 ab
1096 2230 1158 2263 ipsa
1177 2229 1273 2255 statim
1289 2228 1470 2262 conceptione

193 2264 350 2298 assignatos
370 2265 465 2298 fuisse,
485 2266 532 2300 qui
550 2275 585 2292 ne
605 2267 714 2292 mentua
734 2265 846 2298 quidem
866 2273 982 2299 corpora
996 2265 1127 2292 deserant
1141 2264 1368 2298 consumptisque
1384 2263 1469 2289 etiam

193 2300 355 2341 corporibus
375 2301 502 2335 sepulcra
520 2301 686 2329 inhabitent
725 2301 820 2328 Cicero
839 2301 865 2326 ΙΙ
884 2301 918 2327 de
937 2301 1047 2335 legibus
1067 2301 1115 2335 (IX
1135 2303 1179 2334 22)
1200 2301 1326 2327 ‘deorum
1346 2299 1470 2325 manium

193 2335 255 2362 iura
278 2336 375 2363 sancta
399 2337 501 2364 sunto'.
540 2338 588 2371 atq
590 2345 624 2363 ue
648 2337 765 2363 θἰηᾶειγι
790 2337 826 2363 ob
851 2345 962 2363 causam
981 2346 1076 2363 manes
1096 2345 1146 2370 pro
1167 2336 1275 2363 ossibus
1294 2335 1362 2368 ipsis
1382 2335 1411 2361 et
1430 2343 1469 2360 se-

193 2371 297 2406 pulcris
315 2373 464 2407 ponuntur.
496 2372 608 2400 Persius
628 2373 678 2400 sat.
699 2374 710 2399 1
730 2374 785 2407 (38)
807 2372 890 2400 ‘nunc
913 2381 970 2400 non
989 2381 1003 2400 e
1022 2373 1150 2400 manibus
1168 2372 1224 2399 illis
1243 2371 1393 2398 nascuntur
1412 2370 1470 2397 vio-

1490 705 1523 728 10

1491 972 1523 996 15
