1630 2684
443 140 557 169 COMM.
578 140 617 167 IN
636 139 743 167 VERG.
763 140 846 168 AEN.
868 141 887 168 Ι.
907 144 1057 168 274-279,
1332 142 1395 173 103

199 223 273 255 275.
310 231 394 254 mm:
422 224 504 263 post,
537 222 583 254 vel
611 221 738 261 deinde,
767 222 814 254 vel
841 224 924 263 tunc,
956 223 1133 256 adverbium
1157 224 1213 256 loci
1231 234 1294 265 *pro
1323 226 1394 256 tem-

103 277 200 319 poris.
290 284 407 308 Fvao
436 283 594 307 Tuumne
627 275 660 307 id
694 277 744 307 est
771 275 856 317 pelle
884 276 993 318 lupae,
1027 288 1090 319 qua
1122 277 1276 309 utebatur
1305 288 1394 309 more

110 333 287 372 pastorum.
335 329 390 361 sed
414 329 476 360 hoe
499 329 594 360 multi
617 328 870 370 reprehendunt,
899 339 956 360 cur
982 330 1118 362 nutricis
1147 330 1292 372 tegmine
1315 342 1393 362 usus

110 384 164 416 sit.
200 383 256 426 qui
271 382 401 425 gemina
416 382 542 414 ratione
557 382 755 414 refutantur:
774 382 824 414 vel
845 382 990 414 falsitate
1010 383 1155 424 fabulae,
1174 384 1224 415 vel
1246 384 1392 425 exemplo

109 437 206 476 Iovis,
230 436 285 478 qui
309 446 424 477 caprae
447 436 582 467 nutricis
607 436 712 468 utitur
734 436 828 477 pelle,
851 436 932 468 unde
952 435 1067 468 Graece
1089 437 1237 478 αἰγίοχος
1259 437 1393 477 appella-
1413 443 1428 467 5

111 493 170 523 tur.
215 500 290 522 sane
313 488 472 530 ‘teymine'
502 489 593 521 multi
621 489 746 530 antique
772 490 887 521 dietum
914 492 1069 529 asserunt,
1097 490 1172 530 quia
1200 491 1394 531 teyimentum

107 543 170 576 dici
195 543 298 575 debere
324 543 497 584 affirmant.
588 555 701 575 Laws
727 544 838 575 virtute
867 543 981 584 alacer,
1008 543 1054 575 vel
1081 544 1156 583 quia
1182 554 1238 575 avo
1265 554 1394 584 reymcm

106 597 293 638 recffliderat,
315 596 362 628 vel
383 597 458 637 quia
482 596 546 636 ipsc
569 606 680 627 navam
704 596 809 628 urbem
832 599 860 628 et
881 606 994 628 novum
1017 597 1162 628 condebat
1184 597 1357 638 imperium.

197 651 271 682 276.
307 658 474 682 EXCIPIET
503 658 647 681 GENTEM
674 649 776 681 Remo
808 650 932 682 scilicet
962 651 1170 692 interempto,
1198 652 1274 692 post
1302 651 1391 682 euius

107 705 246 736 mortem
269 706 381 736 natam
406 705 534 735 constat
557 703 792 745 pestilentiam:
817 703 899 735 unde
920 703 1069 735 consulta
1089 704 1220 735 oracula
1243 704 1392 736 dixerunt
1412 712 1445 735 10

107 757 283 799 placandos
313 768 383 789 esse
407 768 519 789 manes
547 756 659 788 fratris
690 757 837 799 extincti3
866 757 907 789 ob
938 768 1035 799 quam
1062 768 1131 789 rem
1160 757 1242 789 sella
1270 757 1391 789 eurulis

108 821 181 843 cum
213 813 341 853 sceptro
374 812 407 842 et
439 821 559 842 corona
591 813 623 842 et
657 810 772 843 ceteris
805 810 898 852 regni
928 810 1113 852 insignibus
1145 821 1270 852 semper
1302 811 1392 842 iuxta

107 865 306 897 sancientem
329 864 453 906 aliquid
476 863 653 896 Romulum
681 864 877 905 ponebatur,
906 866 942 895 ut
971 864 1093 905 pariter
1122 864 1282 905 imperare
1305 864 1390 896 vide-

110 920 229 951 rentur.
275 918 359 951 unde
383 919 432 950 est
455 917 570 949 Remo
595 929 677 949 cum
699 918 824 949 fratre
849 917 1033 955 Quirinus
1057 917 1142 949 iura
1166 917 1319 949 dabunt.

191 972 265 1004 277.
303 980 540 1010 ROMANOSQVE
566 980 631 1003 svo
656 980 702 1002 DE
731 979 867 1003 ΝΟΜΙΝΕ
896 979 1003 1002 mem*
1032 971 1136 1012 perite
1166 982 1232 1003 non
1256 971 1303 1002 ait
1326 971 1388 1003 Ro·
1410 978 1441 1002 15

103 1036 203 1067 mam,
227 1024 282 1056 sed
305 1024 481 1056 Romanos.
528 1024 618 1055 urbis
649 1024 735 1055 enim
763 1024 851 1055 illius
876 1035 988 1056 verum
1016 1034 1134 1055 nomen
1163 1035 1258 1056 nemo
1282 1024 1333 1056 vel
1357 1024 1391 1056 in

103 1078 202 1111 sacris
226 1078 385 1111 enuntiat.
431 1077 568 1119 denique
598 1077 750 1109 tribunus
779 1077 886 1118 plebei
915 1076 1045 1118 quidam
1075 1077 1218 1109 Valerius
1240 1077 1390 1119 Soranus,

102 1134 139 1165 ut
163 1132 210 1164 ait
226 1131 338 1164 „Varro
365 1134 395 1163 et
419 1132 511 1163 multi
538 1131 610 1170 alii,
634 1131 696 1163 hoe
719 1142 838 1163 nomen
867 1142 964 1162 ausus
990 1131 1171 1171 enuntiare,
1199 1134 1235 1162 ut
1261 1132 1389 1171 quidam

103 1186 211 1219 dicunt
231 1188 340 1227 raptus
363 1196 384 1217 a
401 1187 510 1218 senatu
528 1187 558 1217 et
575 1185 609 1216 in
629 1196 755 1217 crucem
775 1185 902 1216 levatus
923 1186 986 1225 est,
1005 1187 1041 1216 ut
1056 1184 1126 1223 alii,
1146 1186 1227 1215 metu
1245 1184 1390 1225 supplicii

99 1239 184 1281 faqit
204 1241 233 1271 et
261 1239 295 1271 in
318 1238 430 1271 Sicilia
459 1238 690 1279 comprehensus
719 1249 740 1270 a
764 1240 907 1279 praetore
930 1240 1091 1278 praecepto
1120 1240 1244 1270 senatus
1274 1238 1389 1270 occisus
1407 1245 1441 1267 20

101 1295 152 1325 est.
180 1292 241 1325 hoc
265 1295 374 1325 autem
398 1292 488 1324 urbis
512 1303 630 1324 nomen
655 1303 694 1323 ne
718 1291 870 1334 Hyginus
894 1291 1023 1332 quidem
1048 1302 1120 1322 eum
1145 1290 1183 1322 de
1209 1292 1274 1323 situ
1298 1291 1388 1323 urbis

102 1346 290 1388 loqueretur
313 1346 482 1388 expressit.

191 1399 265 1432 278.
298 1409 366 1432 NEC
390 1408 505 1431 METAs
530 1408 651 1431 RERVM
675 1408 744 1431 NEC
768 1407 934 1431 TEMPORA
954 1407 1048 1431 PONO
1069 1397 1205 1430 ‘metas'
1226 1398 1264 1430 ad
1284 1400 1387 1429 terras

103 1453 246 1494 rettulit,
271 1452 449 1495 ‘tempora'
475 1453 515 1484 ad
539 1463 656 1493 anno-‘13
686 1451 821 1484 Lavinio
847 1452 932 1484 enim
957 1453 989 1483 et
1014 1451 1118 1483 Albae
1142 1452 1238 1483 finem
1263 1451 1388 1494 statuit,

102 1506 260 1538 Romanis
281 1506 398 1538 tribuit
418 1506 655 1547 aeternitatem,
674 1506 748 1546 quia
766 1506 927 1537 subiunxit
946 1505 1121 1546 ‘imperium
1139 1506 1206 1537 sine
1223 1506 1285 1545 fine
1298 1503 1387 1536 dedi'.
1406 1510 1440 1534 25

191 1560 266 1592 279.
304 1568 389 1598 QVIN
414 1559 607 1601 quinetiam3
639 1559 746 1591 minus
775 1559 860 1591 enim
890 1561 939 1590 est
964 1558 1105 1591 ‘etiam’.
1151 1570 1227 1590 nam
1254 1558 1386 1599 plenum

102 1615 152 1645 est
175 1613 368 1655 quinetiam,
392 1615 428 1644 ut
457 1612 671 1654 quinetiam
698 1612 863 1644 hiberno
888 1612 1040 1644 moliris
1065 1612 1190 1644 sidere
1215 1612 1386 1644 classem.

190 1675 326 1699 ASPERA
349 1675 434 1698 IVNO
458 1666 664 1698 tolerabilius
683 1666 746 1697 hoe
764 1665 911 1707 Iuppiter
930 1665 1017 1697 dicit.
1107 1678 1216 1698 „isam
1240 1666 1322 1704 mvo]
1342 1665 1387 1696 vel

100 1730 194 1761 quam
218 1722 251 1752 tu
272 1730 415 1761 asperam
438 1720 527 1758 dicis,
550 1719 596 1751 vel
618 1722 694 1751 certe
715 1722 751 1751 ui
773 1721 802 1751 et
823 1729 874 1760 eyo
896 1719 1005 1758 fatcor.

173 1837 208 1862 14
226 1834 327 1870 Remo]
347 1835 380 1862 A.
401 1834 413 1860 Ι
433 1837 484 1861 292
508 1835 517 1868 ΙΙ
541 1834 608 1867 quin
628 1834 726 1867 etiam]
746 1833 779 1861 A.
799 1833 837 1859 IV
857 1836 908 1860 309

174 1946 186 1968 1
208 1942 245 1968 acl
263 1950 286 1968 v.
307 1944 359 1968 275
379 1941 459 1976 Inde]
484 1941 548 1974 post
568 1961 572 1966 .
590 1962 595 1967 .
612 1961 617 1967 .
638 1940 789 1974 pastorum.
828 1939 942 1974 Laetus]
968 1923 1070 1966 fflrtute
1090 1939 1190 1965 alacer.
1212 1939 1239 1964 P
1258 1939 1266 1972 ΙΙ
1291 1941 1305 1964 2
1326 1939 1382 1965 ute-

101 1978 202 2010 bantux,¹
221 1978 247 2004 L
275 1977 438 2012 utebalsstur
457 1976 490 2002 H
509 1977 519 2009 ΙΙ
541 1979 557 2002 3
582 1975 697 2002 nutricis
722 1984 788 2002 suae
811 1975 978 2001 Amaltheae
1002 1975 1031 2001 D
1054 1975 1063 2009 ΙΙ
1087 1977 1102 2001 5
1126 1973 1250 2008 αἰγίοχος
1273 1974 1384 2007 scripsi:

101 2010 229 2047 αἰγιαλός
254 2013 277 2040 O
296 2014 306 2047 ss
329 2016 344 2039 9
369 2013 406 2039 ad
429 2021 452 2038 v.
478 2015 529 2038 276
552 2011 682 2045 Excipiet
705 2011 830 2045 gentem]
855 2010 974 2037 Romulo
999 2011 1058 2044 (sic)
1083 2009 1192 2037 scilieet
1215 2009 1383 2043 interempto

103 2070 109 2076 .
125 2069 131 2076 .
148 2071 154 2076 .
173 2049 235 2075 iura
254 2048 367 2075 dabunt.
406 2048 475 2074 bene
495 2047 647 2074 Romulum
667 2046 757 2073 solum
781 2046 821 2073 ait
845 2046 1023 2072 dissimulans
1043 2045 1235 2080 (desimulans)
1256 2045 1289 2071 de
1309 2045 1383 2079 pari-

102 2084 183 2111 cidio.
203 2084 231 2111 P
249 2086 259 2119 {1
283 2087 314 2110 11
340 2083 448 2110 curtilis
467 2084 494 2109 B
519 2082 635 2109 curtulis
655 2082 681 2108 L
706 2082 819 2115 (curulis
839 2083 857 2115 l)
881 2083 890 2115 Ι]
916 2085 947 2108 13
971 2081 1109 2108 remulum
1133 2081 1308 2115 ponebantur
1327 2080 1360 2106 H
1375 2080 1384 2097 ³

102 2122 135 2146 18
154 2120 221 2154 quia
239 2120 293 2147 hoc
311 2127 413 2146 nomen
432 2128 515 2146 ausus
535 2119 578 2145 est
597 2117 741 2144 enuntiare
761 2117 850 2151 01121
872 2117 924 2144 hoe
939 2118 1033 2144 autem
1048 2116 1124 2143 urbis
1138 2125 1240 2143 nomen
1256 2116 1290 2143 C.-
1309 2115 1383 2149 quod

100 2156 207 2190 reliqui.
244 2156 317 2182 illua
335 2155 423 2188 recepi
441 2163 497 2181 non
516 2154 588 2188 quod
607 2154 741 2187 intem-izos
759 2156 836 2185 esset,
856 2154 902 2179 sed
920 2162 953 2179 ize
973 2153 1050 2179 lectio
1073 2153 1251 2186 impediretur
1274 2152 1283 2185 ΙΙ
1306 2151 1382 2185 hyci-

102 2200 152 2217 nus
171 2192 198 2217 B
217 2191 335 2226 beginas
354 2191 380 2217 L
400 2190 512 2225 higinus
533 2190 583 2216 Ml
605 2190 614 2223 ΙΙ
637 2188 764 2223 quidem]
784 2197 894 2222 quoque
915 2188 938 2214 C
958 2189 968 2223 ΙΙ
991 2191 1024 2215 23
1045 2189 1082 2214 ad
1100 2196 1123 2214 v.
1143 2191 1194 2214 278
1215 2187 1274 2213 Nee
1293 2188 1382 2212 metas

103 2234 195 2253 rerum
213 2235 265 2253 nee
284 2227 412 2260 tempora
430 2226 516 2260 pono]
536 2226 626 2251 metas
647 2245 651 2250 .
669 2246 674 2251 .
691 2245 696 2250 .
717 2232 812 2251 annos.
833 2224 860 2250 P
879 2225 888 2258 ΙΙ
909 2227 943 2250 24
962 2225 991 2250 et
1009 2224 1097 2250 Albae
1117 2223 1211 2257 finem]
1232 2221 1382 2248 triennium

102 2261 190 2289 Albae
218 2263 358 2289 trecentos
383 2261 406 2288 C
426 2263 435 2296 ΙΙ
459 2261 584 2288 instituit
605 2261 632 2286 B
656 2261 665 2293 ΙΙ
688 2263 721 2286 25
750 2259 849 2287 tribuit
870 2268 920 2286 om.
945 2259 1011 2286 LH
1029 2261 1039 2293 ss
1063 2262 1096 2286 28
1125 2268 1224 2285 ASPERA
1249 2267 1311 2283 1vx0
1336 2257 1381 2283 vel

103 2306 186 2331 quam
205 2298 236 2324 tu
253 2306 381 2332 asperam
401 2297 471 2324 dicis
490 2297 535 2323 vel
555 2297 628 2323 certe
649 2297 681 2322 ut
699 2296 729 2321 et
747 2303 800 2330 ego
819 2295 910 2322 fateor
928 2296 957 2322 et
975 2294 1150 2326 tolerabilius
1170 2315 1174 2319 .
1192 2314 1196 2319 .
1214 2314 1219 2319 .
1240 2292 1309 2318 dicit
1334 2291 1357 2317 Ο
1378 2293 1380 2324 ξ

103 2332 184 2368 dicit]
202 2334 235 2360 ut
253 2333 447 2360 criminaretur
465 2340 592 2365 uxorem;
613 2331 678 2366 quia
692 2331 794 2358 marito
813 2331 904 2366 magis
923 2330 1053 2364 congruit
1067 2338 1150 2364 quam
1171 2328 1219 2355 alii
1239 2328 1301 2355 add.
1322 2328 1331 2353 Ζ
1350 2328 1381 2353 in

102 2376 197 2403 mai-9„
215 2377 241 2395 m
259 2376 334 2403 supr.
354 2376 420 2395 vor-3.
