1630 2684
0 0 42 64 ,Ξ

447 151 559 179 ΟΟΜΜ.
578 152 618 179 IN
637 152 745 180 VERG.
764 153 848 180 AEN.
869 153 888 181 Ι.
909 156 1058 180 247-262,
1344 154 1387 186 93

107 231 153 262 vel
175 232 368 273 diynitatem,
395 234 431 263 ut
457 234 490 263 et
516 242 580 264 nos
603 233 755 273 aliquod
781 244 980 273 nomenque
1003 234 1178 274 decusque
1198 235 1387 274 yessimus.

108 293 275 323 ARMAQVE
294 294 388 316 mxu·
408 293 515 316 TRolA
534 286 594 317 hoc
614 287 676 325 est,
700 297 830 318 securus
851 289 915 327 est,
938 287 1013 328 quia
1032 287 1138 318 solent
1157 287 1249 318 missi
1270 287 1388 318 militia

109 337 178 369 sive
206 338 391 379 gladiatura
423 339 624 380 quibuslibet
655 340 785 381 templis
814 351 903 372 arma
931 340 1138 381 suspendere,
1169 343 1206 372 ut
1234 340 1387 372 Horatius

109 390 295 423 Veianius
315 382 438 423 armis
450 391 631 424 Herculis
651 394 696 425 ad
715 396 866 435 postem
885 393 978 425 fixis
998 396 1031 425 et
1045 393 1191 425 Danais
1211 394 1253 424 de
1271 396 1388 434 -poste

108 444 281 476 refixum.
371 445 541 480 *ARMAQVE
560 459 642 477 mxzr
669 447 759 486 quasi
786 457 849 478 nori
876 447 1047 478 necessaria
1074 447 1272 484 consecravi&
1300 447 1389 487 fiyere

107 498 189 529 enim
212 507 386 529 consecrare
413 498 462 529 hie
489 499 628 531 debemus
654 500 799 540 accipere,
827 502 862 531 ut
883 500 1052 540 postibus
1080 500 1248 531 adversis
1273 498 1388 540 siqu*

197 550 271 582 249.
309 559 513 583 compos'rvs
538 563 600 592 pro
628 553 818 593 compositus.
866 563 1006 594 syncope
1035 554 1099 592 est3
1132 552 1275 584 detraxit
1304 552 1389 583 enim

108 604 146 635 de
170 604 276 635 medio
301 604 476 646 syllabam,
500 607 537 636 ut
561 607 597 636 et
620 606 758 646 pocula
781 606 937 647 porgite
961 605 1119 637 dextris.

196 657 270 689 250.
307 666 374 689 NOS
398 667 467 689 'rVA
490 667 688 690 PROGENIES
713 659 758 690 sic
782 658 928 699 loquitur
952 658 1045 699 quasi
1069 669 1133 689 una
1157 658 1200 689 sit
1222 658 1260 689 de
1279 658 1388 690 Troia-

107 710 172 753 nis3
199 721 276 742 nam
305 711 401 742 aliter
424 721 537 743 sensus
565 722 630 743 non
658 711 813 753 procedit.
860 711 944 752 quod
973 713 1081 742 autem
1109 711 1191 742 dixit
1221 711 1294 743 ‘tua
1317 722 1388 752 pro-

107 763 245 805 genies’,
268 764 454 805 epexegesis
475 766 538 806 est,
562 767 598 796 ut
617 766 677 796 ast
697 774 766 806 ego
787 774 881 805 quae
901 764 1029 795 divum
1047 763 1181 795 incedo
1201 765 1345 805 regina.

108 829 162 850 nos
188 830 243 849 rm
270 818 442 857 meacm-s]
469 819 560 858 quasi
577 819 722 858 patiatur
745 820 773 848 et
796 818 865 858 ipsa
888 818 969 857 quod
990 820 1019 848 et
1040 817 1133 857 filius.
1175 820 1203 849 et
1225 818 1295 849 bene
1318 817 1390 849 ‘tua

103 869 277 911 proyenies'
298 873 422 910 propter
440 870 637 902 Antenorem.
727 879 854 901 ADNVIS
879 870 956 911 quia
975 872 1055 902 nutu
1077 882 1203 912 semper
1226 871 1391 912 promittit

108 923 233 965 aliquid
250 923 410 965 Iuppiter,
431 926 466 955 ut
483 924 619 956 annuit
636 927 669 955 et
686 926 800 955 totum
818 926 910 955 nutu
930 923 1132 963 tremefecit
1147 923 1345 965 Olympum.

107 989 219 1009 amns
241 977 308 1009 licet
329 978 403 1023 ipsa*
421 978 478 1009 dea
500 978 553 1018 sit,
577 980 678 1009 tamen
701 977 756 1009 sub
774 987 909 1016 persona
932 976 1055 1008 Aeneae
1077 987 1108 1008 se
1125 978 1238 1017 posuit.

196 1030 270 1062 251.
307 1043 439 1062 Nm'mvs
458 1043 576 1062 Amsszs
602 1041 670 1073 cur,
692 1041 761 1062 eum
784 1041 849 1061 urea
871 1030 962 1061 navis
979 1031 1120 1070 perierit,
1144 1031 1191 1062 ait
1213 1030 1389 1062 ‘navibus’?

106 1086 164 1115 aut
183 1084 332 1116 invidiose
354 1085 436 1116 dixit
457 1087 485 1115 et
507 1086 680 1125 emyyerat,
704 1086 760 1115 aut
781 1084 856 1123 quia
879 1083 979 1114 adhue
996 1083 1078 1114 aliae
1097 1084 1216 1122 desunt,
1240 1087 1295 1115 aut
1317 1085 1391 1124 quia

107 1147 159 1169 eas
180 1148 243 1169 non
260 1138 378 1178 perisse
400 1138 524 1178 iyrcorat
546 1128 675 1169 Aeneas.
765 1145 950 1168 INFANDVM
974 1147 1032 1178 pro
1058 1136 1188 1168 infande
1205 1138 1324 1178 posuit,
1354 1139 1391 1168 ut

108 1191 143 1222 in
160 1190 217 1223 VI.
235 1192 416 1223 miserum
441 1194 602 1232 septena
626 1190 846 1232 quotannis.
877 1190 957 1221 item
980 1191 1208 1231 torvumque
1232 1191 1390 1231 repente

108 1244 249 1276 clamat
271 1255 331 1285 pro
355 1246 457 1277 torve.
503 1247 536 1276 et
560 1246 610 1276 est
634 1245 753 1286 figura,
777 1255 859 1285 quae
883 1243 919 1275 fit
943 1243 1091 1284 quotiens
1115 1255 1232 1275 nomen
1254 1255 1314 1284 pro
1339 1243 1391 1274 ad-

108 1297 218 1330 verbio
250 1297 397 1339 ponitur3
430 1299 535 1339 magis
569 1300 679 1330 autem
709 1298 837 1339 poetica
866 1299 928 1338 est,
961 1298 995 1328 in
1022 1308 1120 1338 prosa
1149 1298 1205 1328 aut
1232 1308 1307 1328 rara
1335 1298 1391 1327 aut

107 1361 291 1392 numquam.
327 1353 438 1383 tamen
460 1351 522 1383 hoo
545 1352 616 1384 loco
642 1350 843 1382 ‘infandum'
867 1352 977 1391 potest
996 1362 1065 1382 esse
1085 1350 1183 1382 etiam
1207 1350 1390 1381 interiectio

109 1404 258 1436 dolentis.
336 1413 440 1436 VNIVS
460 1405 512 1437 hic
528 1405 680 1446 produxit
695 1405 938 1446 paenultimam.
1027 1405 1125 1443 rmus]
1146 1404 1279 1445 cautius,
1297 1413 1391 1443 quam

107 1458 136 1489 si
158 1458 286 1490 dixisset
306 1458 449 1490 Iunonis.

181 1567 195 1590 1
216 1565 245 1590 et
262 1564 324 1598 nos]
343 1565 376 1590 A.
391 1564 417 1590 II
432 1567 465 1590 89
479 1565 489 1598 ΙΙ
503 1567 518 1590 3
533 1564 678 1598 Horatius]
694 1572 736 1598 ep.
754 1564 763 1589 Ι
782 1566 806 1597 1,
821 1566 837 1589 4
852 1564 861 1597 Ι]
875 1566 891 1589 4
906 1562 1024 1597 Danais]
1042 1563 1074 1588 A.
1090 1563 1115 1588 V
1130 1566 1182 1589 360
1196 1563 1206 1596 ΙΙ
1221 1566 1235 1589 6
1250 1561 1390 1596 postibus]

108 1600 141 1625 A.
160 1599 199 1625 III
219 1602 269 1626 287
285 1601 295 1633 ΙΙ
309 1602 324 1626 8
345 1601 373 1626 et
391 1600 504 1634 pocula]
525 1601 557 1626 A.
578 1599 643 1625 VIII
663 1603 714 1625 274
728 1600 737 1633 ΙΙ
758 1602 788 1625 11
810 1600 854 1624 ast
872 1599 936 1633 ego]
957 1599 989 1624 A.
1010 1598 1021 1623 Ι
1042 1602 1075 1624 46
1090 1599 1099 1632 Η
1120 1601 1150 1624 17
1171 1598 1281 1633 adnuit]
1302 1598 1334 1624 A.
1353 1597 1392 1623 IX

111 1638 161 1661 105
175 1636 184 1668 ΙΙ
201 1638 232 1661 19
252 1635 395 1670 miserum]
415 1636 447 1661 A.
468 1635 505 1661 VI
520 1638 552 1661 21
568 1637 577 1668 [Ι
591 1635 770 1669 torvumque]
790 1634 822 1660 A.
843 1634 894 1660 VII
909 1637 960 1660 399
975 1635 984 1667 ΙΙ
999 1637 1032 1660 20
1053 1635 1082 1660 et
1101 1635 1144 1660 est
1162 1634 1251 1668 figura
1269 1642 1292 1660 e.
1312 1642 1337 1666 q.
1357 1633 1390 1667 s.]

109 1670 143 1698 cf.
163 1670 254 1697 Servii
273 1670 391 1706 [Sergii]
412 1679 510 1698 comm.
531 1670 562 1697 in
579 1671 649 1697 Don.
670 1680 696 1705 p.
717 1673 777 1704 438,
797 1673 831 1696 35
851 1670 884 1696 K.

108 1768 252 1794 videntur:
275 1769 367 1802 ipsum
386 1768 500 1802 quidam
520 1769 616 1795 dieunt
634 1767 821 1794 Antenoridas
840 1768 997 1801 appellasse
1020 1768 1030 1800 ΙΙ
1054 1770 1067 1793 1
1088 1767 1233 1801 gessimus.
1267 1776 1391 1795 Ammon:

110 1813 184 1829 mxu·
202 1812 259 1830 non
277 1805 435 1831 necessaria.
453 1804 533 1838 quasi
553 1826 559 1831 .
576 1826 581 1831 .
599 1825 604 1830 .
624 1804 746 1830 adversis
765 1804 828 1837 figo.
863 1807 891 1829 et
910 1803 962 1829 hoc
979 1802 1118 1836 significat
1133 1811 1244 1828 securus
1264 1803 1307 1828 est
1325 1801 1392 1835 quia

110 1839 202 1865 solent
216 1839 240 1865 Ο
260 1841 290 1866 et
304 1840 358 1866 hoo
373 1840 514 1874 significat
527 1840 620 1866 delevi.
635 1841 644 1873 ΙΙ
659 1842 673 1865 2
689 1839 768 1865 missi
782 1839 849 1865 BC:
870 1838 966 1864 amissi
975 1838 1006 1863 K
1010 1838 1044 1864 H
1047 1838 1084 1863 M
1089 1839 1098 1864 Ζ
1122 1837 1224 1864 amissa
1239 1837 1264 1862 L
1277 1838 1287 1870 ΙΙ
1301 1840 1316 1862 3
1332 1837 1391 1871 gla—

109 1874 232 1901 diatores
251 1883 268 1902 a
286 1875 458 1908 quibuslibet
476 1876 503 1900 B
518 1877 526 1909 ss
545 1878 562 1901 4
580 1875 711 1901 ueranius
730 1874 756 1899 B
785 1874 929 1900 ueaianius
949 1874 980 1899 K
1005 1873 1120 1899 ueianus
1142 1874 1177 1899 M
1194 1873 1204 1906 11
1222 1881 1313 1898 armas
1332 1872 1392 1897 KL

109 1918 188 1936 arma
206 1911 256 1937 Ml
269 1911 279 1944 ΙΙ
291 1911 354 1937 fixit
367 1911 431 1937 ,ΕΗ
436 1911 472 1937 M
498 1910 607 1937 fixikum
623 1911 650 1936 B
664 1911 674 1944 ll
689 1913 703 1936 7
719 1911 756 1936 ad
770 1918 793 1935 v.
809 1912 860 1935 249
881 1908 1058 1943 Compostus]
1079 1917 1128 1942 pro
1148 1908 1309 1941 conpositus
1329 1917 1392 1941 syn-

110 1953 179 1979 cope
198 1947 242 1972 est
262 1946 290 1971 P
310 1948 319 1980 ss
341 1957 487 1973 coxvosrvs
506 1946 538 1971 K
559 1947 568 1980 ΙΙ
592 1949 607 1972 9
627 1947 664 1972 ad
682 1954 706 1971 v.
727 1948 778 1971 250
798 1945 856 1971 Nos
875 1946 925 1971 tua
944 1944 1104 1978 progenies]
1130 1943 1169 1969 sic
1188 1943 1312 1976 loquitur
1331 1965 1337 1970 .
1358 1964 1364 1970 .
1385 1963 1391 1969 .

110 1980 245 2008 Troianis.
283 1982 364 2016 quasi
383 1982 490 2016 patitur
509 1983 538 2008 et
555 1983 617 2015 ipsa
635 1981 710 2014 quod
730 1981 756 2007 ef
779 1980 861 2006 filius.
901 1982 929 2006 et
952 1980 1021 2006 bene
1041 1980 1090 2005 tua
1113 1979 1260 2013 progenies
1278 1979 1393 2012 propter

110 2017 288 2045 Antenorem.
318 2019 361 2044 est
375 2019 470 2044 autem
485 2017 652 2051 efexegesis,
672 2018 704 2042 ut
724 2016 780 2042 ‘ast
798 2024 850 2049 ego
865 2024 936 2049 quae
956 2015 1051 2041 diuum
1070 2014 1169 2041 incedo
1188 2014 1307 2048 regina’.
1336 2014 1391 2040 An-

110 2052 185 2087 nuis]
205 2052 272 2079 licet
290 2053 353 2087 ipsa
371 2054 424 2080 dea
443 2053 491 2086 sit,
510 2054 606 2079 tamen
625 2052 676 2078 sub
695 2060 816 2085 persona
834 2052 945 2077 Aeneae
965 2059 993 2077 se
1012 2050 1112 2084 posuit.
1141 2050 1212 2076 bene
1231 2051 1325 2076 autem
1345 2058 1392 2075 an-

109 2087 171 2114 uuis
189 2088 256 2122 quia
274 2110 280 2115 .
301 2110 307 2115 .
328 2109 333 2115 .
358 2088 483 2123 Iuppiter
504 2089 537 2114 P.
571 2088 702 2114 consentit
722 2087 756 2119 G,
779 2087 835 2112 nisi
859 2087 930 2120 quod
952 2095 1017 2112 nam
1038 2106 1043 2112 .
1065 2107 1070 2112 .
1092 2107 1097 2112 .
1117 2085 1244 2120 procedit
1266 2086 1315 2111 aut
1329 2087 1393 2118 post

110 2122 238 2150 Troianis
258 2125 350 2156 addit,
368 2125 493 2158 patiatur
507 2125 634 2158 praebet,
652 2124 684 2149 ut
702 2122 801 2149 annuit
821 2143 825 2148 .
844 2144 849 2149 .
867 2143 872 2148 .
892 2122 1042 2156 Olympum
1058 2124 1121 2156 post
1139 2121 1265 2155 Iuppiter
1283 2121 1368 2147 addit.
1384 2120 1393 2154 Η

110 2167 181 2185 unus
194 2159 221 2185 L
234 2160 244 2193 ΙΙ
259 2163 292 2186 10
309 2160 381 2187 alter
394 2160 426 2186 K
438 2161 447 2194 ss
463 2162 493 2186 11
515 2158 668 2193 efexegesis
683 2158 749 2184 libri
761 2159 771 2192 ΙΙ
787 2161 818 2184 13
833 2167 929 2184 Ass-vm
943 2157 1003 2183 BL
1030 2166 1120 2183 Ausus
1134 2157 1167 2182 K
1178 2158 1187 2189 ΙΙ
1203 2159 1234 2182 16
1250 2157 1287 2182 ad
1300 2164 1324 2181 v.
1341 2158 1390 2181 251

110 2193 237 2221 Nauibus
261 2195 382 2230 amissis]
413 2204 461 2222 cur
487 2204 550 2222 cum
573 2203 628 2221 una
652 2193 732 2220 nauis
755 2193 871 2227 perierit
898 2193 968 2219 haec
992 2192 1082 2218 dixit?
1110 2191 1247 2218 inuidiose
1272 2191 1342 2217 dixit
1365 2191 1393 2217 et

113 2231 271 2264 exaggerat.
308 2231 468 2265 Infandum]
489 2239 540 2265 pro
559 2230 672 2256 infande
691 2229 792 2263 posuit.
829 2229 996 2262 toruumque
1017 2249 1022 2254 .
1044 2249 1049 2254 .
1071 2248 1076 2253 .
1096 2228 1184 2254 toi-ue.
1221 2235 1322 2253 nomen
1340 2234 1391 2259 pro

112 2265 251 2292 adverbio.
290 2267 342 2293 hoc
366 2267 428 2293 loco
449 2288 454 2293 .
476 2287 481 2293 .
504 2287 509 2292 .
529 2265 658 2293 dolentis.
682 2265 708 2290 1’
727 2266 736 2298 ΙΙ
762 2267 793 2290 18
813 2273 868 2291 11011
891 2264 996 2298 perisse
1015 2264 1126 2297 scripsi:
1146 2262 1250 2302 perisse
1269 2270 1325 2288 non
1344 2261 1367 2287 C
1384 2261 1392 2295 Η

113 2302 145 2326 19
170 2301 250 2328 utin
267 2302 314 2328 Vl.
335 2302 464 2328 mutabili
483 2302 546 2328 LH
552 2302 593 2328 M.
632 2301 690 2327 alia
713 2301 853 2333 scriptura
875 2300 960 2332 fuisse
983 2299 1091 2325 videtur
1113 2300 1145 2324 ut
1168 2298 1243 2324 ahbl.
1273 2297 1307 2330 cf.
1327 2297 1392 2337 adn.

112 2336 171 2362 crit.
190 2337 227 2363 ad
245 2346 277 2371 p.
298 2341 343 2371 73,
360 2341 391 2363 15
420 2339 430 2371 ΙΙ
457 2341 490 2364 23
516 2348 592 2364 vxxvs
618 2336 727 2363 cautius
750 2344 834 2369 quam
860 2336 883 2362 si
907 2335 1023 2361 dixisset
1046 2334 1158 2360 Iunonis
1181 2334 1210 2359 et
1238 2332 1283 2358 hic
1311 2340 1392 2358 umus

112 2372 242 2404 produxit
260 2373 444 2406 penultimam
466 2374 489 2399 Ο

1410 719 1442 741 10

1410 985 1442 1008 15

1410 1250 1443 1273 20
