1630 2684
462 167 576 196 COMM.
594 168 635 195 IN
654 167 762 196 VERG.
780 168 864 195 AEN.
884 169 917 197 ΙΙ.
938 172 1087 197 192-201.
1345 170 1411 203 253

127 251 377 292 pereqrinantem
400 250 485 291 apud
507 249 670 292 Phthiam,
693 251 775 291 quod
795 251 915 283 nullius
941 254 1016 283 esset
1037 251 1228 284 humanitate
1249 255 1412 294 susceptus,

133 304 191 336 tali
213 304 334 336 silentio
356 303 571 344 inhospitalem
594 304 757 336 damnasse
779 305 939 336 civitatem.

224 359 296 391 199.
332 367 392 390 mc
415 360 500 390 tunc.
572 366 678 390 MAlvs
702 367 842 390 msnms
866 367 1058 397 MVLToovE
1083 360 1120 390 ut
1143 359 1195 399 <V
1219 359 1305 400 866>
1329 359 1410 391 sale

133 423 226 444 saxa
253 412 446 444 sonabant
474 413 507 443 et
535 411 605 452 <ΙΙΙ
632 412 715 453 183>
744 423 856 444 casus
886 411 1104 444 Cassandra
1132 412 1308 453 caneba‘o3
1336 424 1411 444 nam

132 465 216 507 apud
238 467 363 497 veteres
388 477 407 497 a
431 465 593 497 similibus
618 465 761 506 incipere
785 465 940 498 vitiosum
964 476 1030 497 non
1054 459 1131 497 e'rat.
1170 467 1203 497 et
1224 466 1412 506 notandum,

132 519 207 561 quia
234 521 271 551 nt
299 530 397 560 supra
426 518 510 560 <13>
540 518 679 550 diximus
709 519 793 560 agit,
823 530 863 551 ne
891 519 1040 551 videatur
1069 519 1122 551 vel
1150 518 1247 551 Troia
1276 519 1412 551 cessisse

131 572 268 613 viribus,
296 572 349 604 vel
371 571 499 603 Aeneas
528 572 697 604 voluntate
720 572 854 614 fugisse.
900 572 962 604 hac
991 575 1100 604 autem
1129 584 1163 605 re
1188 573 1345 615 ostendit,
1374 584 1412 604 ex

131 625 351 659 accidentibus
379 625 470 658 dolos
500 624 697 658 Graecorum
728 637 797 658 esse
826 626 986 668 firmatos,
1020 637 1089 658 cum
1122 627 1197 658 dioit
1223 628 1316 659 etiam
1344 627 1413 658 deos

130 680 293 712 adversum
318 679 446 711 Troiam
466 679 581 719 fecisse.

213 733 295 775 201.
332 740 498 765 LAOOOON
521 734 558 764 ula
581 732 773 774 Euphorion
796 733 889 774 dicit,
917 735 993 774 post
1017 733 1190 765 adventum
1215 733 1411 766 Graecorum

96 787 101 790 ”
131 786 281 819 sacerdos
304 786 449 828 Neptuni
474 786 637 827 lapidibus
662 787 785 818 occisus
815 789 877 827 est,
905 786 981 828 quia
1008 798 1074 818 non
1103 787 1272 819 sacrificiis
1302 798 1412 819 eorum

131 840 254 872 vetavit)
277 840 460 872 adventum.
505 841 621 881 postea
645 840 894 872 abscedentibus
914 839 1049 871 Graecis
1074 851 1146 872 cum
1170 841 1293 873 vellent
1318 842 1414 873 sacri-

131 893 229 926 ficare
247 893 414 935 Neptuno,
438 893 589 925 Laocoon
608 892 805 934 Thymbraei
825 893 987 935 Apollinis
1013 894 1161 926 sacerdos
1186 896 1273 926 sorte
1297 894 1412 926 duobus

131 950 195 989 est,
217 949 254 979 ut
277 948 361 979 solet
384 947 454 979 fieri
478 958 550 978 cum
574 946 665 979 deese
689 947 839 979 sacerdos
864 949 978 979 certus.
1014 947 1067 979 hic
1091 947 1255 988 piaculum
1281 948 1411 979 commi-

130 1003 219 1033 serat
242 1003 317 1033 ante
342 1000 548 1032 simulacrum
571 1000 714 1032 numinis
739 1012 811 1032 cum
835 1001 975 1041 Antiopa
998 1011 1056 1032 sua
1079 1011 1178 1032 uxore
1203 1001 1354 1042 coeundo,
1379 1003 1412 1033 et

131 1055 172 1087 ob
195 1055 258 1087 hoc
280 1054 425 1086 inmissis
448 1053 641 1085 draconibus
665 1065 737 1085 cum
763 1054 829 1085 suis
853 1054 929 1085 filiis
954 1054 1169 1095 interemplzus
1189 1056 1247 1086 est.
1275 1054 1414 1086 historia

71 1138 78 1144 ,
130 1109 261 1150 quidem
284 1108 346 1140 hoc
368 1107 482 1139 habet:
512 1107 569 1138 sed
592 1109 689 1148 poeta
716 1107 951 1149 interpretatur
981 1107 1021 1139 ad
1045 1107 1260 1140 Troianorum
1285 1119 1412 1139 excusa-

130 1162 268 1204 tionem,
295 1162 349 1203 qui
376 1161 431 1193 hoc
457 1161 633 1201 ignorantes
660 1162 773 1202 decepti
799 1164 881 1193 sunt.
926 1161 984 1193 alii
1012 1162 1120 1192 dicunt
1146 1162 1227 1201 quod
1248 1164 1320 1201 post
1346 1172 1413 1193 con-

131 1217 276 1256 temptum
308 1215 399 1247 semel
431 1225 452 1245 a
483 1214 688 1262 Ezomedonte
720 1215 901 1256 Neptunum
934 1217 1032 1246 certus
1064 1215 1130 1246 eius
1161 1215 1299 1246 sacerdos
1330 1215 1415 1255 apud

132 1269 260 1301 Troiam
282 1279 345 1301 non
365 1268 445 1309 fuit:
469 1260 551 1299 unde
568 1270 703 1308 putatur
720 1268 883 1309 Neptunus
907 1268 999 1299 etiam
1023 1268 1169 1299 inimicus
1189 1268 1286 1307 fuisse
1306 1268 1413 1299 Troia-

130 1324 194 1365 nis,
228 1326 257 1355 et
283 1324 365 1364 quod
390 1323 440 1354 illi
467 1322 648 1363 meruerint,
680 1323 715 1353 in
742 1323 894 1354 sacerdote
921 1324 1109 1353 monstrare:
1141 1322 1222 1362 quod
1248 1322 1311 1362 ipse
1338 1321 1415 1352 alibi

131 1377 260 1408 ostendit
285 1377 387 1408 dicens
405 1374 450 1418 (V
470 1374 549 1418 810)
570 1386 735 1417 cuperem
758 1387 836 1408 cum
858 1378 975 1408 vetere
997 1375 1041 1407 ab
1065 1377 1137 1407 imo
1160 1378 1303 1408 structa
1326 1375 1415 1406 meis

130 1430 302 1462 manibus
324 1431 504 1471 periurae
531 1431 677 1461 moenia
702 1430 845 1462 Troiae.
890 1430 972 1470 quod
998 1431 1100 1460 autem
1125 1429 1168 1460 ad
1188 1439 1289 1460 arcem
1313 1429 1416 1460 ierunt

131 1486 294 1524 serpentes,
327 1484 362 1515 id
392 1486 436 1515 est
467 1484 510 1515 ad
540 1484 685 1524 templum
707 1484 881 1522 Minervae,
915 1486 971 1515 aut
1001 1483 1106 1523 [quod]
1136 1485 1165 1514 et
1190 1483 1259 1522 ipsa
1286 1481 1415 1513 inimica

132 1536 280 1568 Troianis
301 1537 376 1578 fuit,
399 1539 456 1568 aut
477 1537 601 1577 siynum
623 1537 686 1576 fuit
700 1537 861 1577 periturae
884 1537 1026 1568 civitatis.
1057 1546 1132 1567 sane
1154 1535 1356 1576 Bacchylides
1379 1536 1415 1566 de

130 1590 301 1622 Laocoonte
323 1592 352 1621 et
373 1600 469 1621 uxore
490 1590 556 1621 eius
577 1590 623 1621 vel
646 1590 682 1621 de
704 1590 893 1630 serpentibus
915 1600 937 1620 a
960 1588 1110 1630 Calydnis
1132 1589 1245 1621 insulis
1267 1589 1413 1620 venienti-

204 1716 237 1740 10
256 1714 321 1748 post
339 1713 491 1740 adventum
511 1714 680 1740 Graecorum
699 1721 722 1739 e.
738 1722 763 1747 q.
780 1722 800 1740 s.
821 1721 865 1747 ap.
887 1712 1013 1739 Servium
1032 1720 1117 1740 exscr.
1138 1712 1276 1746 mythogr.
1297 1712 1322 1738 II
1343 1714 1394 1738 207

203 1832 219 1855 3
238 1830 392 1864 κνιτορνκ]
412 1829 603 1863 frequentauit
623 1829 682 1855 ‘m'
703 1837 778 1863 supr.
798 1837 864 1856 vers,
884 1829 947 1856 add.
964 1829 996 1863 ΖΙ]
1010 1829 1039 1854 et
1058 1850 1063 1855 .
1080 1849 1085 1855 .
1102 1850 1108 1856 .
1129 1828 1249 1854 canebat
1267 1835 1316 1853 onz.
1334 1826 1412 1857 ME,

131 1865 267 1899 eoepunxit
285 1865 318 1899 ll}
332 1865 468 1892 cassandra
486 1865 550 1891 LH
561 1866 600 1899 116
620 1864 727 1893 dictum
747 1865 790 1891 est
808 1864 935 1898 Danielfl
955 1867 970 1890 8
990 1864 1057 1890 deus
1076 1866 1100 1890 et
1119 1866 1134 1889 9
1154 1863 1265 1889 fecisset
1283 1862 1387 1888 Daniel
1405 1863 1413 1897 Η

133 1904 166 1927 10
185 1901 222 1927 ad
243 1908 266 1927 υ.
283 1904 334 1927 201
354 1901 485 1927 Laocoon
500 1900 671 1935 (laucohon)]
691 1901 724 1927 ut
742 1900 904 1934 Euphorion
919 1899 1087 1933 (eophonon)
1108 1898 1178 1925 dicit
1196 1920 1202 1925 .
1219 1919 1224 1925 .
1242 1919 1247 1925 .
1267 1897 1303 1924 ad
1318 1897 1413 1924 Troia-

132 1944 232 1963 norum
251 1936 472 1970 excuszffionem,
491 1936 540 1970 qm·
557 1936 611 1963 hoc
629 1936 791 1971 ignorantes
811 1935 922 1969 decepti
947 1936 1019 1962 sunb.
1057 1934 1132 1968 quod
1151 1935 1245 1960 autem
1264 1933 1300 1960 ad
1320 1941 1412 1959 arcem

131 1971 225 1999 ierunt:
254 1972 409 2006 serpentes.
440 1972 468 1999 id
498 1973 540 1998 est
566 1972 603 1998 ad
630 1972 767 2006 templum
790 1971 948 2004 Mineruae,
976 1971 1026 1997 aut
1053 1970 1127 2004 quod
1155 1970 1184 1996 et
1210 1969 1273 2003 ipsa
1300 1968 1414 1995 inimica

133 2007 261 2034 Troianis
279 2007 346 2041 fuit,
366 2008 415 2034 aut
434 2008 544 2042 signum
563 2007 618 2034 fuit
636 2007 778 2042 periturae
797 2006 931 2034 ciuitalzis.
953 2006 980 2031 P
992 2007 1001 2039 ΙΙ
1021 2009 1053 2032 11
1073 2006 1116 2032 est
1134 2013 1184 2032 om.
1206 2005 1234 2030 P
1245 2006 1254 2039 fl
1273 2004 1340 2038 quia
1357 2012 1413 2031 non

134 2042 278 2070 sacrificiis
297 2051 392 2070 eorum
411 2043 521 2070 uetauit
540 2043 691 2070 aduentum
713 2043 750 2069 Μ
754 2053 762 2068 .-
786 2041 1038 2076 quiam-sacrificiis
1061 2049 1157 2068 eorum
1175 2040 1286 2067 uetauit
1309 2039 1412 2066 aduen-

133 2079 194 2105 tum
213 2078 239 2104 L
267 2079 334 2112 quia
352 2079 411 2112 (qui
430 2080 572 2113 mythoyr.)
596 2078 738 2105 sacrificiis
758 2087 853 2105 eorum
876 2085 932 2104 non
950 2076 1060 2104 uetauit
1077 2077 1230 2103 aduentum
1251 2075 1291 2102 C*
1309 2076 1410 2110 mytho-

131 2114 255 2148 9raphus
273 2122 345 2148 quae
364 2123 460 2141 eorum
480 2114 621 2141 sacrificiis
647 2123 704 2141 non
728 2113 839 2140 uetauit
861 2112 1013 2140 aduentum
1035 2113 1062 2138 P
1088 2112 1155 2146 quia
1177 2120 1233 2139 non
1255 2119 1306 2146 pro
1331 2110 1414 2138 sacri-

131 2149 202 2177 ficiis
226 2158 322 2177 eorum
349 2150 460 2177 uetauit
482 2150 636 2177 aduentum
660 2150 694 2176 H
718 2149 785 2183 quia
807 2157 863 2175 non
885 2147 915 2181 ig
938 2148 1080 2175 sacrificiis
1109 2156 1205 2175 eorum
1233 2146 1343 2174 uetauit
1365 2146 1413 2173 ad-

132 2186 246 2212 uentum
266 2185 296 2211 E
312 2186 322 2220 u
346 2189 379 2212 12
399 2186 465 2220 post
484 2185 558 2213 PC*
580 2187 590 2220 ss
614 2189 645 2212 13
666 2185 787 2212 lacohon
808 2185 835 2211 P
855 2185 865 2218 ΙΙ
882 2184 996 2211 timbrci
1014 2184 1079 2210 LH
1093 2183 1213 2218 tymbrei
1235 2183 1270 2210 M
1287 2184 1296 2216 ΙΙ
1319 2185 1351 2208 14
1371 2183 1414 2208 est

132 2228 182 2247 om.
203 2221 231 2247 Ρ
251 2222 261 2255 ΙΙ
283 2222 326 2256 ut]
351 2223 380 2248 el:
403 2222 436 2247 H
456 2222 465 2255 ΙΙ
489 2221 618 2248 sacerdos
642 2222 734 2248 certus
759 2242 765 2247 .
786 2241 792 2247 .
813 2241 819 2247 .
843 2221 909 2247 ante
933 2220 1113 2246 simulacrum
1137 2227 1186 2246 om.
1211 2219 1238 2245 L
1273 2219 1304 2244 in
1327 2226 1412 2251 mary.

133 2256 196 2283 add.
216 2257 236 2291 l)
259 2257 269 2291 [Ι
292 2257 394 2292 certus]
415 2257 522 2284 Cereris
542 2257 754 2291 mythoyraphus
777 2257 786 2290 ΙΙ
810 2258 842 2282 15
862 2255 955 2282 numis
977 2255 1004 2281 P
1020 2255 1030 2289 {l
1054 2258 1087 2282 16
1107 2255 1142 2282 ab
1162 2254 1215 2281 hoc
1234 2254 1267 2280 H
1282 2254 1291 2287 ΙΙ
1315 2256 1347 2279 17
1368 2261 1412 2279 ex-

134 2291 317 2327 cusationem]
337 2293 418 2326 quasi
435 2301 486 2327 pro
504 2293 585 2319 tanto
604 2292 716 2327 piaculo
741 2293 887 2326 caperessur
910 2291 984 2318 troia
1001 2292 1033 2317 in
1051 2299 1137 2324 mary,
1157 2290 1220 2317 add.
1242 2290 1251 2315 l
1273 2290 1283 2323 11
1303 2292 1336 2315 21
1357 2296 1413 2314 me-

133 2326 240 2354 ruerint
263 2328 432 2355 Masvicius:
455 2328 589 2354 meruerit
605 2327 637 2354 Ὀ
656 2328 666 2362 ΙΙ
689 2330 723 2354 24
746 2327 776 2354 id.
802 2327 855 2361 est]
876 2327 923 2354 uel
941 2326 1045 2353 Daniel
1063 2329 1088 2353 et
1108 2325 1149 2352 0*
1171 2326 1181 2359 ΙΙ
1204 2325 1279 2359 quod
1297 2325 1357 2351 secl.
1377 2324 1412 2364 11'.

133 2362 290 2390 Schoellius.
332 2364 448 2396 fortasse
471 2364 520 2390 aut
541 2363 648 2391 factum
672 2363 727 2397 est,
753 2363 829 2397 quod
851 2363 861 2397 [Ι
884 2365 917 2389 25
944 2362 1118 2389 Bacchilides
1148 2361 1171 2388 0
1192 2362 1202 2395 ΙΙ
1224 2363 1257 2387 26
1282 2359 1413 2393 Calydnis

135 2397 302 2425 Masvieius:
321 2398 483 2426 Chalidonis
503 2399 526 2426 0
543 2399 690 2426 Caledonia
710 2398 891 2426 Cmnrnelinus

1434 741 1465 763 10

1434 1007 1465 1030 15

1433 1274 1467 1297 20

1433 1541 1466 1563 25
