1722 2670
247 719 279 742 10

249 987 278 1010 15

245 1254 278 1277 20

298 148 363 179 346
467 144 469 147 “
794 142 797 146 ’
875 147 997 175 snavn

388 230 440 262 55.
477 238 541 262 ms
566 238 664 262 omia
689 231 722 262 et
745 230 958 272 cognationis,
981 231 1015 262 et
1037 229 1118 262 iuris
1141 229 1286 272 hospitii.
1365 236 1578 264 oni-nvitun·

299 284 416 316 occidit
439 283 606 326 intellege:
629 294 705 316 nam
729 283 922 316 obtruncare
945 284 1075 326 proprie
1098 285 1149 316 est
1171 284 1279 325 capite
1301 283 1443 316 caedere.

387 338 440 370 56.
482 350 512 370 νι
535 338 688 370 violentia.
779 346 814 369 νι
839 346 990 370 Porrrvn
1018 337 1079 369 hoc
1107 339 1210 370 autem
1232 337 1366 369 verbum
1390 337 1429 369 de
1452 337 1504 370 his
1527 337 1579 374 eet
1628 332 1640 354 Γ

299 402 380 433 quae
408 391 606 432 permiscent
629 390 888 433 coniugationes3
917 401 989 423 cum
1013 391 1099 423 enim
1122 390 1166 422 sit
1189 391 1306 423 tertiae
1329 390 1579 434 coniugationis,

297 445 461 477 infinitum
481 444 613 476 modum
633 455 652 476 a
672 446 789 486 quarta
806 443 895 485 facit,
913 446 951 476 ut
969 443 1082 486 potiri:
1101 443 1186 476 unde
1200 443 1347 486 plerique
1364 444 1578 487 decipiuntur,

297 501 334 530 ut
363 498 480 540 potiris
508 498 628 531 dicant.
674 496 832 530 Similiter
860 499 901 530 fio
931 509 990 540 pro
1019 497 1127 530 ‘fiere’
1161 497 1264 530 ‘fieri'
1292 497 1385 540 facit,
1415 498 1579 540 permixta

298 552 534 594 coniugatione.
606 565 677 588 evm
696 565 755 585 ivoiv
772 565 918 585 nom-Arm
938 564 1064 585 merom
1084 563 1166 583 coms
1186 552 1230 584 ad
1245 552 1327 592 quod
1347 551 1504 593 slaqitium
1525 551 1576 584 λο-

297 607 396 638 mines
418 617 479 638 non
503 605 655 646 conpellis,
678 606 847 638 detestandi
868 606 947 642 auri,
963 605 1126 646 cupiditas.

387 660 439 691 57.
477 668 560 691 Avm
585 667 695 691 saona
714 667 826 690 ranas
850 669 941 691 scwra
965 658 1164 699 execrabilis,
1187 660 1224 691 ut
1247 658 1315 699 <VI
1334 659 1420 701 574>
1444 670 1577 693 sacrae

299 713 519 755 panduntur
538 714 683 755 portae.
715 713 774 744 alii
792 711 905 744 ‘saera’
919 713 1029 752 devota
1047 712 1210 753 accipiunt,
1232 713 1314 745 unde
1331 715 1360 745 et
1375 723 1428 746 ver
1445 723 1576 746 sacrm.

298 767 357 799 alii
383 777 507 799 sacrum
529 776 590 807 pro
616 766 785 804 scelestum,
812 766 858 797 vel
884 766 1074 807 sacrileyum.
1116 767 1240 798 tractus
1263 766 1314 798 est
1337 767 1447 798 autem
1469 777 1577 800 sermo

299 832 338 852 ex
365 831 454 852 more
483 819 660 852 Gallorum.
706 830 782 851 narn
810 819 1030 852 Massilienses
1058 819 1207 861 quotiens
1235 819 1424 861 pestilentia
1450 819 1577 853 labora-

298 873 387 915 bant,
412 885 493 906 unus
518 884 552 906 se
577 885 614 905 ex
638 873 835 915 pauperibus
859 873 1015 905 offerebat
1034 872 1167 905 alendus
1187 883 1271 905 anno
1290 872 1419 915 integro
1437 873 1578 915 publicis

299 926 512 970 (sumptibus)
545 929 578 959 et
610 926 795 969 purioribus
828 926 917 958 cibis.
962 926 1015 958 hic
1048 928 1163 968 postea
1195 927 1330 958 ornatus
1363 926 1512 959 verbenis
1544 928 1578 959 et

299 981 444 1013 vestibus
475 981 576 1013 sacris
607 979 908 1012 circumducebatur
939 990 996 1021 per
1024 981 1127 1011 totam
1158 979 1323 1011 civitatem
1354 990 1428 1012 cum
1451 989 1577 1013 execra-

298 1034 454 1076 tionibus,
485 1036 523 1066 ut
551 1035 585 1066 in
613 1034 719 1075 ipsum
748 1032 928 1065 reciderent
955 1032 1043 1065 mala
1066 1033 1169 1065 totius
1193 1032 1348 1074 civitatis,
1378 1034 1413 1065 et
1435 1032 1482 1066 sic
1504 1043 1600 1075 prm·

298 1087 464 1119 iciebatur.
497 1087 558 1119 hoc
578 1089 687 1119 autem
706 1086 739 1118 in
755 1085 909 1118 Petronio
928 1085 1046 1118 lectum
1062 1087 1121 1118 est.
1154 1096 1231 1118 sane
1246 1086 1420 1128 sciendum,
1438 1086 1579 1120 latenter
1635 1131 1638 1133 Α

300 1140 442 1172 Aeneam
466 1141 526 1172 hoc
551 1150 661 1182 agere,
688 1142 724 1171 ut
746 1139 904 1172 Troianos
929 1138 1050 1171 Didoni
1074 1150 1112 1171 ex
1136 1139 1339 1172 infelicitatis
1362 1139 1592 1174 similitudine-

298 1194 514 1226 commendet:
538 1205 613 1226 nam
638 1195 671 1225 et
695 1193 762 1224 eius
786 1193 905 1225 marito
929 1193 999 1225 auri
1024 1204 1122 1225 causa
1145 1192 1257 1225 intulit
1279 1204 1399 1225 necem.

387 1248 440 1280 58.
478 1260 620 1280 enoc-mss
641 1248 696 1288 qui
717 1249 931 1288 processerunt
956 1249 1028 1279 ante
1050 1247 1137 1279 alios·
1227 1260 1402 1284 Ρκιιινιιρνε
1423 1246 1582 1282 tanturm

297 1301 368 1333 benc
390 1300 560 1342 ‘primum',
584 1301 618 1333 id
637 1303 681 1333 est
702 1303 774 1332 ante
791 1311 939 1342 proceres.

387 1355 438 1387 59.
476 1367 607 1387 uoxsrm
625 1367 709 1387 mern
728 1365 806 1395 quae
828 1354 1031 1386 ostenderant.
1068 1357 1096 1386 et
1118 1355 1206 1386 modo
1225 1354 1326 1393 mala;
1350 1364 1425 1387 nam
1442 1355 1578 1388 nwdn'wm

297 1411 348 1449 est,
372 1409 447 1448 quia
470 1409 624 1440 interdum
647 1408 795 1440 dicuntur
816 1410 845 1439 et
867 1407 954 1439 bona.

387 1462 439 1493 60.
477 1471 629 1494 omussvs
658 1470 747 1494 mnu
776 1474 890 1494 amuvs
919 1461 1030 1493 ‘idem’
1063 1461 1136 1504 plus
1169 1464 1240 1503 ests
1265 1473 1362 1504 quam
1394 1462 1423 1495 si
1457 1461 1578 1496 diceret

370 1554 385 1577 9
406 1558 486 1577 saera
504 1549 681 1585 execrabilis]
702 1549 736 1577 ef.
756 1550 835 1576 Luat.
854 1549 932 1576 Pho.
951 1549 987 1576 ad
1007 1549 1078 1576 Stat.
1099 1549 1185 1583 Theb.
1206 1550 1244 1577 1v
1265 1551 1339 1584 1931
1359 1553 1390 1577 11
1409 1536 1517 1578 tractu·
1533 1551 1579 1579 eut

300 1606 305 1612 .
325 1608 331 1614 .
352 1607 357 1612 .
378 1586 407 1612 et
425 1586 465 1612 sic
484 1585 674 1620 proiciebatur
707 1585 741 1612 cf.
761 1585 840 1612 Luct.
855 1585 931 1612 Plac.
951 1585 988 1612 ad
1007 1585 1078 1612 Stat.
1094 1585 1180 1612 Theb.
1202 1585 1226 1612 X
1241 1587 1316 1620 7881
1331 1589 1363 1614 17
1382 1585 1412 1613 in
1429 1585 1576 1622 Petronio]

297 1621 395 1656 Fragm.
416 1624 430 1648 1
450 1621 581 1649 Buechel.
596 1622 606 1655 1
620 1624 654 1648 20
694 1629 802 1648 roceres
816 1621 864 1655 qui
878 1622 1074 1656 processerunt
1087 1622 1153 1648 ante
1168 1621 1252 1657 alios]
1273 1621 1307 1648 cf.
1323 1621 1387 1650 Isid.
1403 1630 1442 1650 or.
1454 1621 1577 1656 lxau

372 1705 385 1728 1
406 1702 593 1737 cognationis]
613 1702 657 1728 est
674 1702 738 1728 add.
755 1702 791 1728 M
796 1702 826 1728 F
837 1702 847 1736 11
862 1711 1032 1729 οιιτιινιιοητ
1047 1701 1077 1728 F
1088 1702 1127 1736 112
1147 1701 1251 1729 occidit
1268 1701 1365 1729 intelle
1366 1701 1414 1737 ge]
1434 1709 1484 1737 pro
1502 1700 1576 1730 oeci-

297 1737 340 1764 dit
358 1737 388 1764 F
412 1738 422 1770 11
449 1737 579 1773 caedere]
603 1746 657 1771 quo
681 1737 765 1764 modo
785 1737 947 1770 obtruncat,
971 1746 1034 1764 eum
1054 1737 1092 1764 sit
1110 1737 1197 1764 hastis
1215 1737 1420 1772 interemptus?
1443 1737 1575 1765 solvitur.-

296 1773 364 1807 quia
382 1774 491 1800 veteres
510 1773 676 1814 plerumque
695 1774 823 1800 truncum
843 1781 894 1807 pro
913 1781 1081 1807 unoquoque
1100 1781 1201 1807 genere
1219 1773 1336 1800 interem
1358 1772 1419 1800 tum
1437 1772 1574 1800 dixerunt.

297 1810 446 1835 obtruncat
464 1809 529 1836 ideo
549 1811 577 1836 et
597 1808 701 1836 occidit
719 1809 806 1835 Lione
824 1811 887 1835 teste
906 1809 969 1835 add.
989 1808 1126 1841 Guelferb.
1147 1809 1224 1843 1113
1243 1818 1271 1835 vi
1290 1808 1365 1835 vioe
1349 1807 1427 1836 mitis.
1442 1808 1505 1836 hab.
1527 1807 1554 1835 Τ
1566 1807 1576 1844 11

297 1854 323 1870 v1
344 1847 407 1871 anre
426 1854 541 1871 ιοτιτνιι
560 1853 610 1872 om.
631 1844 660 1871 F
671 1845 681 1878 11
699 1845 754 1871 hoc
772 1844 894 1879 om.F11
912 1848 927 1871 5
947 1844 1087 1871 infinitum
1104 1845 1201 1871 tamen
1218 1845 1322 1878 vulqoll
1312 1843 1440 1878 nunde
1483 1851 1575 1871 .-oon

296 1880 441 1914 iugatione
460 1889 510 1907 om.
530 1880 582 1915 Fu
596 1883 611 1907 7
630 1889 708 1906 coon-
728 1880 778 1914 Fu
792 1883 807 1906 9
827 1882 884 1907 ut.
932 1901 938 1907 .
957 1881 1056 1914 portae
1075 1888 1125 1907 om.
1145 1880 1196 1914 Fu
1212 1883 1244 1906 10
1263 1879 1335 1907 sacri
1353 1863 1449 1907 deuoti
1458 1864 1500 1912 F,
1517 1887 1575 1906 cor-

296 1917 367 1942 rexit
387 1916 490 1942 Daniel
503 1918 512 1950 11
526 1916 599 1942 unde
618 1916 735 1942 Daniel:
755 1915 803 1942 uni
822 1915 852 1942 F
863 1916 872 1950 11
889 1919 919 1942 11
940 1915 1065 1942 scelestis
1085 1915 1121 1948 F,
1140 1916 1259 1942 correxit
1277 1915 1381 1942 Daniel
1415 1900 1576 1942 sacriiolum

297 1951 332 1982 F,
353 1953 471 1978 correxit
490 1952 593 1978 Daniel
610 1952 621 1986 Ι
639 1952 745 1978 tractus
765 1952 814 1981 est,
827 1973 833 1978 .
854 1971 859 1976 .
880 1973 886 1978 .
906 1951 1010 1978 lectum
1031 1952 1075 1978 est
1092 1959 1142 1977 om.
1163 1950 1193 1977 F
1208 1952 1218 1985 fl
1239 1954 1271 1978 14
1290 1949 1395 1985 sumpti
1414 1959 1447 1977 us
1465 1950 1576 1978 addidit

296 1987 485 2014 Buecheler-us.
514 1989 548 2020 cf.
569 1987 679 2014 Luctat.
702 1987 804 2021 Plaen
824 1990 856 2014 16
875 1986 1114 2021 praecipitabatur
1132 1986 1296 2020 Stephanus,
1316 1986 1481 2018 Maevieiuc,
1497 1985 1576 2014 Bm·-

296 2031 415 2048 mannus
434 2023 637 2056 porriciebatur
655 2023 735 2049 Gerh.
761 2022 880 2049 Vossius
909 2023 943 2055 cf.
963 2022 1124 2049 Burmanni
1142 2023 1234 2049 adnot.
1257 2023 1268 2056 11
1297 2024 1328 2048 18
1348 2029 1381 2048 ex
1399 2006 1575 2050 infelicitati·

297 2057 495 2093 similitudine]
516 2067 549 2084 ex
568 2058 733 2084 infelicitate
752 2058 790 2089 L,
819 2061 850 2084 ut
867 2059 976 2084 videtur
994 2059 1038 2087 (ex
1056 2057 1230 2084 infelicitatis
1249 2056 1432 2084 similitudine
1451 2057 1471 2091 l)
1489 2056 1576 2085 simili

297 2093 464 2119 infelicitate
486 2094 521 2119 Μ
534 2095 544 2127 11
566 2097 596 2120 19
616 2093 730 2135 marito]
750 2093 837 2120 frater
855 2094 965 2120 addidit
984 2093 1157 2127 Fabriciusfl
1175 2096 1207 2120 21
1227 2093 1266 2120 ad
1282 2092 1458 2134 primumque
1477 2100 1574 2134 paren-

296 2130 354 2155 tem
378 2136 463 2162 suffla
488 2137 593 2155 versum
616 2129 661 2155 uel
685 2129 806 2163 primum
830 2129 896 2156 ante
918 2137 1046 2164 proceres
1069 2129 1116 2155 uel
1139 2128 1276 2170 optimum
1294 2128 1341 2155 uel
1360 2127 1449 2162 princi
1471 2136 1516 2155 em
1532 2127 1575 2155 in-

296 2163 416 2198 tellege,
444 2165 475 2190 in
499 2165 622 2198 maryz'ne
644 2166 794 2198 propterea
817 2164 915 2191 retulit
918 2139 974 2192 pad
997 2166 1141 2199 parentem
1161 2164 1228 2198 quia
1245 2163 1295 2190 ille
1314 2165 1433 2191 nouerat
1450 2163 1575 2191 iudicare

297 2199 332 2226 de
356 2199 481 2234 auguriis
508 2200 647 2233 adscripta
666 2203 731 2226 sune
749 2201 781 2226 in
802 2200 827 2226 T
850 2201 860 2241 [1
887 2204 920 2227 22
940 2201 978 2227 ad
995 2201 1121 2227 monstra
1137 2207 1225 2234 supra
1242 2207 1348 2226 versum
1366 2199 1420 2226 hoc
1438 2200 1482 2226 est
1498 2199 1576 2227 mala

297 2243 369 2269 quae
389 2235 568 2262 ostendeiant
586 2235 647 2269 ipsa
666 2237 791 2262 monstra
809 2244 877 2270 quia
895 2236 1019 2262 medium
1037 2235 1151 2262 uerbum
1167 2235 1211 2262 est
1223 2236 1387 2268 monstrum,
1406 2235 1438 2262 in
1451 2235 1575 2269 marys’ne

297 2272 421 2297 monstra
444 2270 574 2297 dicuntur
593 2279 610 2296 a
629 2271 808 2298 monstrando
828 2271 903 2311 quod
922 2271 1115 2298 demonstrent
1132 2270 1239 2297 monita
1256 2270 1380 2297 deorum.
1413 2270 1573 2304 prodigium

297 2315 363 2333 uero
387 2306 502 2332 deorum
526 2306 583 2332 irae
607 2306 652 2331 uel
678 2306 770 2332 minae
794 2307 874 2340 quasi
897 2315 980 2341 porro
999 2306 1175 2340 adigendum.
1203 2307 1364 2340 portentum
1384 2307 1479 2333 antem
1498 2305 1574 2340 quod

297 2341 447 2376 portendat
465 2342 605 2375 αάεωψΐα
623 2344 687 2367 sunt
706 2342 735 2367 in
755 2342 779 2367 T
789 2342 798 2376 ΙΙ
812 2342 927 2383 ϊοτΐᾳεεε
945 2351 1017 2376 qnae
1036 2341 1083 2369 dei
1100 2341 1280 2368 ostenderant
1293 2343 1303 2375 11
1317 2344 1351 2368 24
1364 2340 1439 2368 idem
1454 2341 1518 2376 plus
1531 2341 1574 2367 est

297 2386 382 2415 quam
402 2378 424 2404 si
443 2377 549 2407 diceret
567 2377 673 2405 similis.
703 2377 756 2404 hoc
776 2377 819 2406 est
837 2377 946 2405 animus
964 2387 1035 2406 unus
1055 2378 1104 2407 aut
1121 2377 1218 2406 idem.
1235 2399 1240 2407 ,
1257 2376 1423 2405 .consensio
1441 2377 1502 2403 hab.
1520 2376 1546 2406 T

1705 1931 1722 2051 {filies-32¹.
1706 1832 1722 1923 .ΡΤ-,ὲὺ
1721 1819 1722 1822 „
1709 1755 1722 1809 fciam
1721 1733 1722 1736 „
1711 1703 1722 1721 νζ

1715 2308 1722 2317 ι.
1717 2289 1722 2298 ,
1710 2266 1722 2275 ι,
1704 2054 1722 2259 'affl-4455&
