1630 2684
490 146 603 174 COMM.
622 147 662 174 IN
681 147 788 175 VERG.
807 147 891 176 AEN.
911 149 944 176 ΙΙ.
964 152 1114 178 356-369.
1379 152 1444 184 279

160 229 268 270 gentis
292 229 386 262 annis
409 238 570 271 regnasse*
586 228 745 261 firmatur.
791 231 820 262 et
841 230 918 270 quid
938 233 983 263 est
1006 230 1169 274 ‘antiqua',
1199 234 1264 274 ipse
1285 234 1447 267 subiunxit

161 281 288 316 ‘multos
309 283 469 315 dominata
487 292 543 323 per
565 282 685 314 annos'.
731 293 806 315 sane
827 283 883 315 hoe
905 284 1033 316 dolentis
1056 288 1110 327 est,
1133 296 1197 318 non
1219 284 1390 319 narrantis.

248 336 323 369 364.
361 345 591 369 STERNVNTVR
608 345 755 368 mamm
774 345 896 369 PASSIM
917 346 1077 370 CORPORA
1101 340 1157 370 aut
1178 350 1244 371 non
1263 351 1445 382 repugnan-

158 391 219 432 tia,
241 391 279 422 ut
299 389 368 431 <IV
385 389 468 431 158>
492 400 634 431 pecora
656 389 760 421 inter
783 390 929 422 inertia
952 391 1058 423 votis
1083 393 1194 433 optat
1217 404 1364 434 aprum:
1389 396 1446 427 aut

159 442 310 485 ‘inertia',
334 443 410 475 dum
430 442 636 483 oeeiduntur2
655 445 692 475 ut
711 443 897 475 inbellem
918 445 1063 476 avertis
1082 444 1267 478 Romanis
1287 447 1444 480 arcibus
1464 453 1480 477 5

157 496 308 538 Indum,
340 495 402 528 hoe
439 498 489 528 est
522 496 697 529 avertendo
738 497 882 529 ostendis
915 497 1079 531 inbellem.
1130 502 1187 531 aut
1214 510 1271 540 per
1301 510 1444 533 somnum

159 549 306 582 ‘ine-nid.

244 603 319 636 365.
352 607 564 636 RELLIGIOSA
585 604 748 646 gradatim
768 604 928 647 aseendit,
949 604 1048 647 ξυἰαεςζ
1068 605 1204 648 ‘domos',
1224 606 1369 648 ‘templa'.
1399 609 1443 640 vi-

155 658 245 690 detur
267 659 370 689 autem
388 660 418 689 et
438 658 500 689 diis
519 658 672 690 invidiam
693 658 807 699 faeere,
829 658 885 699 qui
908 659 1020 700 templa
1038 669 1097 692 sua
1114 660 1228 692 violari
1246 661 1444 694 cadaveribus

148 711 240 752 passi
261 714 342 743 sunt.
378 721 454 743 sane
478 710 661 752 ‘religiomcs'
684 714 713 744 et
734 711 823 744 homo
845 712 959 744 dicitur
981 715 1115 746 attentus
1137 714 1181 746 ad
1201 714 1392 756 reliyionem,
1414 717 1443 746 et
1463 720 1495 744 10

155 765 251 807 loeus,
280 765 335 806 qui
364 765 506 797 divinum
534 764 650 797 cultum
677 767 706 797 et
731 766 956 798 venerationem
982 769 1122 799 meretur.
1168 778 1237 808 erqo
1266 767 1442 809 ‘reliyiosa'

154 818 313 860 reliyionis
330 818 434 859 plena.
471 819 627 860 signifieat
644 819 737 851 etiam
756 822 878 851 metum.
915 831 993 852 sane
1018 819 1173 862 ‘relligio'
1198 821 1383 863 geminatur
1407 821 1442 854 ‘1’

154 874 290 914 propter
312 872 409 903 metri
432 872 671 904 necessitatem.
1308 910 1312 914 ι

244 926 318 958 366.
354 934 487 958 POENAS
507 935 604 973 parm*
629 925 812 958 moriuntur
831 926 976 968 indigne:
1000 927 1063 960 hoe
1083 928 1169 960 enim
1192 929 1324 970 proprie
1345 930 1443 971 signi-

153 980 244 1021 ficat,
272 982 309 1012 ut
335 979 402 1020 <XI
426 980 512 1021 841>
539 980 605 1012 heu
632 980 790 1011 nimium
817 980 936 1022 virqo,
967 981 1127 1013 nimium
1154 983 1300 1014 crudele
1333 983 1443 1015 luisti
1463 987 1494 1011 15

153 1033 394 1074 supplicium,
417 1034 489 1065 item
508 1033 559 1074 <X
574 1033 660 1074 617>
683 1043 780 1065 nunc
797 1036 930 1074 pereat
955 1034 1176 1076 Teucrisque
1193 1036 1258 1076 pii)
1281 1037 1340 1069 det
1356 1046 1442 1069 san-

151 1086 264 1127 quine
279 1096 429 1127 poenas.

243 1140 317 1172 367.
355 1153 497 1176 ρνοινοωι
516 1140 565 1173 hie
578 1141 741 1182 praeteriti
760 1142 903 1182 temporis
921 1144 972 1174 est.
1040 1151 1148 1174 REDIT
1166 1152 1203 1175 m
1217 1152 1441 1176 PRAECORDIA

153 1201 281 1226 vm'rvs
305 1194 397 1236 atqui
420 1194 467 1226 ait
489 1193 647 1226 Horatius
675 1205 743 1226 nee
765 1205 855 1227 vera
878 1195 1009 1227 virtus
1034 1207 1116 1228 cum
1141 1197 1259 1229 semel
1282 1197 1441 1240 excidit,

153 1249 264 1279 curat
286 1247 421 1289 reponi
445 1247 718 1280 deterioribus.
757 1249 813 1280 sed
837 1250 1019 1281 sententiae
1038 1261 1103 1281 non
1123 1261 1249 1291 semper
1271 1251 1439 1292 generales
1459 1256 1493 1279 20

153 1302 242 1346 sunt,
266 1301 322 1333 sed
344 1301 507 1333 interdum
530 1313 589 1343 pro
612 1302 817 1344 negotiorum
843 1303 1002 1344 qualitate
1028 1303 1221 1336 formantur.

241 1353 316 1386 368.
353 1362 598 1393 VICTORESQVE
623 1363 766 1387 GADVNT
791 1364 903 1387 DANAI
929 1357 1126 1398 generaliter
1149 1357 1231 1388 dixit
1256 1356 1438 1398 ‘victores'-

152 1408 188 1440 id
208 1410 253 1440 est
274 1407 317 1439 ad
341 1407 503 1447 fortunam
526 1409 631 1449 partis
653 1409 772 1450 retulit,
800 1419 878 1449 quae
904 1410 1056 1448 vincebat;
1086 1421 1180 1451 neque
1207 1410 1289 1442 enim
1316 1411 1441 1444 victores

152 1463 241 1493 erant
258 1461 312 1503 wi
330 1461 484 1493 cadebant.
557 1475 591 1494 CR
597 1474 701 1494 VDELIS
719 1475 783 1498 VBJQ
790 1475 825 1494 VE
838 1475 950 1495 LVGTVS
969 1476 1033 1499 VBJQ
1040 1476 1075 1495 VE
1087 1477 1123 1496 ΡΑ
1130 1476 1182 1496 von
1199 1466 1256 1496 aut
1273 1464 1439 1505 utrobique,

152 1515 187 1547 id
207 1517 252 1547 est
268 1515 355 1555 apud
368 1514 501 1547 Graecos
519 1517 547 1547 et
564 1516 650 1556 apud
664 1515 833 1554 Troiano&
856 1519 913 1548 aut
936 1516 1067 1557 ‘ubique'
1087 1527 1143 1557 per
1162 1520 1257 1549 totam
1276 1518 1436 1550 civitatem.
1457 1523 1490 1547 25

242 1568 317 1600 369.
353 1577 510 1600 PLVRIMA
542 1577 672 1601 MORTIS
705 1578 818 1602 IMAeo
852 1572 910 1602 aut
942 1570 1089 1603 definitio
1123 1570 1251 1602 timoris
1286 1573 1348 1613 est,
1381 1573 1438 1604 aut

153 1622 294 1654 varietas
318 1622 433 1653 mortis
452 1622 652 1663 ostenditur,
676 1623 710 1654 id
731 1625 776 1655 est
794 1623 912 1664 yladio,
936 1624 1016 1665 iyni,
1038 1624 1142 1656 ruina.
1180 1624 1239 1656 alii
1261 1625 1440 1666 intelleyemt

152 1675 304 1716 ‘plurima
325 1676 434 1707 mortis
456 1674 571 1716 imayo’
595 1678 652 1707 aut
671 1676 933 1718 frequentissima,
956 1679 1013 1709 aut
1028 1678 1289 1717 praesmtissima.

223 1766 239 1790 5
259 1763 405 1798 inbellem]
423 1771 521 1797 georg.
542 1763 568 1789 II
590 1766 639 1789 172
655 1764 664 1798 11
680 1766 712 1790 10
733 1772 799 1791 sane
818 1763 966 1798 religiosus
987 1785 992 1791 .
1009 1786 1014 1791 .
1031 1785 1036 1791 .
1056 1765 1175 1800 metum]
1196 1765 1229 1793 cf.
1250 1765 1321 1793 Gell.
1341 1766 1379 1793 IV
1394 1769 1410 1793 9
1428 1767 1438 1802 11

155 1802 187 1826 19
206 1799 352 1834 Horatius]
373 1807 457 1826 earm.
477 1799 517 1825 III
537 1802 562 1833 5,
581 1802 616 1825 29

225 1883 238 1906 1
259 1879 415 1906 affirmatur
433 1879 514 1913 vulqo
537 1880 547 1913 11
570 1879 645 1912 quod
664 1880 707 1906 est
728 1879 755 1905 P
776 1880 786 1914 11
809 1879 968 1907 subiuncxit
987 1880 1011 1907 0
1031 1881 1040 1914 11
1064 1883 1079 1907 3
1099 1881 1137 1908 ad
1154 1889 1178 1908 v.
1199 1884 1251 1908 364
1270 1882 1437 1909 Sternuntur

151 1915 254 1942 inertia
277 1914 394 1950 passim]
420 1916 470 1941 aut
491 1923 548 1941 non
571 1914 770 1949 repugnantia,
796 1916 845 1942 aut
868 1915 970 1942 inertia
993 1915 1059 1942 dum
1083 1916 1247 1943 occiduntur
1266 1939 1271 1944 .
1293 1938 1298 1944 .
1319 1939 1325 1945 .
1345 1918 1378 1944 ut
1394 1918 1436 1944 in-

151 1951 263 1978 bellem.
284 1951 311 1977 P
323 1952 333 1985 11
351 1960 443 1977 nssm
463 1972 469 1978 .
490 1971 495 1976 .
517 1972 522 1977 .
542 1959 641 1984 aprum
661 1958 710 1977 om.
732 1951 755 1977 C
766 1952 776 1984 11
794 1960 911 1977 conrom
930 1959 980 1978 om.
1002 1951 1072 1978 ΜΕ
1088 1953 1097 1986 11
1119 1955 1135 1978 4
1154 1960 1271 1986 peeeora
1290 1953 1316 1978 L
1333 1954 1343 1987 11
1362 1953 1436 1980 inter

152 2008 158 2014 .
179 2009 185 2015 .
205 2007 212 2014 .
231 1995 329 2021 aprum
353 1995 402 2012 om.
425 1986 462 2012 M
482 1987 492 2020 11
515 1987 595 2020 optat
614 1986 724 2021 aprum]
745 1995 770 2013 0.
789 1995 816 2020 p.
835 1986 862 2012 L
889 1987 988 2021 optata
1011 1987 1113 2021 pruina
1131 1988 1165 2014 H
1183 1989 1193 2022 11
1216 1991 1232 2015 5
1251 1988 1359 2015 artibus
1378 1989 1413 2016 H
1426 1989 1435 2024 11

153 2061 168 2085 6
188 2057 312 2085 ostendit
328 2057 399 2084 LM
402 2057 432 2084 E
449 2058 458 2091 11
478 2060 492 2084 7
513 2037 604 2084 inerta
625 2056 647 2083 C
664 2056 685 2090 (i
702 2065 835 2097 syperscr.
856 2058 915 2099 eqd.
934 2059 1018 2091 man.)
1037 2058 1046 2099 11
1065 2060 1080 2084 8
1100 2058 1241 2100 gradatim
1261 2059 1387 2086 ascendit
1404 2060 1436 2087 in

151 2102 206 2121 ras.
227 2094 238 2120 l
259 2101 346 2127 supra
368 2101 474 2120 versum
497 2093 562 2120 haec
585 2093 688 2119 addem·
714 2093 743 2119 ld
767 2094 811 2120 est
829 2102 846 2120 a
864 2102 918 2120 uus
937 2102 954 2121 a
973 2093 1101 2120 domibus
1121 2094 1157 2121 ad
1176 2094 1274 2121 limina
1293 2095 1408 2122 deorum
1433 2096 1435 2130 Ι

154 2132 184 2155 11
210 2130 332 2155 meretur
350 2137 383 2155 ex
401 2129 529 2156 medetur
549 2129 572 2155 Ο
592 2130 601 2163 11
630 2131 662 2155 12
683 2137 748 2155 sane
769 2151 775 2157 ,
795 2150 800 2156 .
822 2150 828 2155 .
847 2129 870 2164 1]
895 2129 1005 2164 relligio
1032 2130 1082 2163 (sie
1101 2130 1136 2156 0²
1159 2130 1259 2164 religio
1279 2130 1312 2164 C)
1341 2132 1434 2158 autem

151 2164 235 2192 scribi
254 2164 339 2191 debet
358 2164 381 2191 0
400 2166 410 2198 11
433 2164 533 2198 religio
557 2164 679 2198 gemitur
698 2164 732 2190 H
751 2165 760 2198 ΙΙ
783 2165 792 2190 l
812 2164 970 2198 geminatur
988 2165 1017 2191 in
1035 2174 1118 2192 uersu
1139 2166 1175 2192 M
1196 2167 1206 2200 11
1230 2168 1262 2192 18
1282 2167 1319 2193 ad
1337 2175 1361 2194 v.
1383 2170 1433 2193 367

153 2199 312 2234 Quondam]
331 2199 378 2226 hic
396 2200 543 2234 praeteriti
562 2200 697 2234 temporis
716 2202 765 2226 est.
784 2199 811 2225 P
823 2201 832 2234 11
847 2203 880 2227 19
895 2201 992 2234 atquia
1006 2201 1039 2227 H
1050 2202 1060 2235 11
1074 2204 1108 2227 20
1123 2210 1204 2228 eurus
1221 2201 1244 2228 0
1260 2203 1350 2235 (curat
1367 2202 1411 2235 02)
1426 2203 1434 2235 ζ’

153 2235 338 2263 deterioribus
357 2243 406 2262 om.
424 2235 467 2270 011
480 2236 612 2270 generale
628 2236 651 2262 0
662 2237 671 2269 11
686 2239 719 2262 21
738 2235 906 2297 formantur}
924 2236 1070 2263 firmantur
1089 2237 1113 2264 0
1137 2237 1274 2263 formatur
1292 2238 1326 2263 H
1351 2238 1380 2264 et
1398 2237 1434 2276 ad

152 2273 262 2305 tempus
283 2270 375 2298 dietae
400 2273 465 2298 sunt
487 2272 551 2298 add.
570 2271 600 2298 D
623 2272 632 2305 11
659 2274 692 2297 22
718 2271 851 2307 victores]
876 2271 946 2299 aias
969 2272 1089 2306 scilieet,
1113 2281 1169 2299 non
1192 2281 1264 2299 nune
1288 2273 1351 2299 add.
1372 2273 1401 2298 D
1425 2273 1434 2307 11

154 2310 187 2333 24
206 2306 353 2340 utrobique
372 2315 405 2334 ex
424 2306 574 2340 utrubique
590 2307 613 2333 (J
624 2308 634 2341 11
648 2309 681 2333 25
701 2306 824 2333 troianos
843 2316 876 2334 θα,-
894 2307 1018 2334 troianas
1034 2308 1058 2335 C
1069 2309 1078 2341 11
1092 2312 1125 2335 26
1145 2309 1182 2335 ad
1198 2317 1221 2335 v.
1238 2311 1289 2334 369
1308 2308 1434 2335 Plurima

153 2342 251 2369 mortis
276 2342 383 2377 imago]
410 2342 533 2369 uarietas
556 2342 654 2369 mortis
679 2342 835 2369 ostenditur
860 2343 918 2377 hic,
945 2343 974 2370 id
998 2345 1040 2370 est
1065 2344 1160 2378 gladio
1184 2343 1243 2378 igni
1266 2343 1354 2370 ruina.
1376 2344 1404 2370 P
1424 2344 1433 2377 ΙΙ

152 2381 185 2405 27
206 2378 266 2412 igni
286 2377 366 2404 1²0².-
384 2377 449 2412 igne
469 2378 493 2405 0
