1630 2684
488 129 600 157 COMM.
620 129 659 156 IN
678 127 785 156 VERG.
805 128 889 156 AEN.
909 128 929 155 Ι.
950 132 1099 156 519-524,
1371 128 1432 160 161

152 212 289 244 moribus
317 214 436 244 crescat.
482 221 550 252 eryo
579 209 729 251 ‘placido'
757 211 800 242 ad
826 210 1016 250 placandum
1047 213 1134 250 apto;
1168 213 1196 242 et
1224 211 1361 252 definitio
1394 213 1437 243 est

152 268 298 309 oratoris,
321 266 375 307 qui
398 265 488 297 talem
506 274 537 296 sc
559 263 642 296 debet
664 273 852 304 componere,
875 263 997 303 qualem
1019 264 1086 295 vult
1107 264 1238 296 iudicem
1261 265 1390 296 reddere.

241 319 315 352 522.
353 327 375 350 0
403 326 536 350 REGINA
569 316 744 348 seeundum
777 318 882 348 artem
915 316 1112 349 rhetoricam
1140 317 1173 348 id
1205 318 1233 349 ei
1265 318 1320 349 dat
1351 318 1435 360 quod

151 373 223 405 vult
253 373 427 414 inpetrare.
472 381 549 402 nam
583 381 655 402 eam
687 381 745 411 per
778 369 908 401 laudem
945 369 1131 401 benivolam
1164 370 1313 403 reddidit.
1359 382 1437 411 quae

151 426 351 458 benivolentia
373 425 409 457 in
425 425 595 465 principiis
618 424 894 456 controversiarum
915 424 1081 455 secundum
1098 426 1262 464 praecepta
1285 424 1436 456 rhetorica
1456 432 1470 454 ')

151 482 295 521 quattuor
317 479 416 510 modis
439 478 638 510 conciliatur:
665 488 686 509 a
709 478 847 509 iudicum
865 487 1013 517 persona,
1042 488 1063 508 a
1085 480 1206 516 nostra,
1234 478 1272 509 ab
1295 478 1437 510 adversa-

150 533 283 574 riorum,
311 543 332 564 a
354 543 387 564 re
410 532 487 572 ipsa.
533 532 614 572 quod
640 531 689 563 hic
716 531 889 563 invenitur:
917 541 938 562 a
961 531 1099 562 iudicum
1116 541 1252 571 persona
1276 531 1308 562 ‘o
1331 532 1438 572 reyina

150 596 262 618 novam
284 596 308 618 c.
331 596 355 617 c.
378 585 407 617 I.
429 584 486 624 u.’‚
514 595 535 617 a
557 595 616 617 sua
633 595 769 625 persona
793 584 905 616 ‘Troes
928 586 955 616 te
977 584 1098 616 miseri’
1127 587 1155 616 et
1182 587 1291 626 cetera,
1319 585 1358 616 ab
1385 585 1438 616 ad-

149 640 358 671 versariorum
377 638 470 679 ‘quod
484 649 580 679 ,oenus
603 638 657 670 hoc
679 637 860 679 hominum',
883 648 904 669 a
926 648 960 669 re
982 638 1052 678 ipsa
1076 637 1221 678 ‘hospitio
1241 638 1440 678 prohibemur

149 691 304 725 harenae&
343 694 416 733 post
440 694 667 733 praeparatam
698 692 794 732 iyitur
826 690 1059 723 benivolentiam
1093 693 1121 722 et
1150 702 1187 723 ea:
1215 701 1273 723 sua
1299 699 1488 732 personam

151 747 346 778 miseratione
369 747 517 777 commota
541 744 663 777 adhibet
682 754 785 785 preces
809 743 942 785 ‘prohibe
965 744 1113 784 infandos
1131 755 1152 775 a
1169 744 1301 776 navibus
1323 745 1343 776 i.
1357 755 1391 784 p.
1404 755 1438 784 p.

150 810 181 841 9.
200 810 223 832 e.
237 810 271 841 p.
290 810 315 831 r.
334 798 375 831 a.'
394 810 437 831 an
454 798 598 839 possint?
624 798 697 830 ‘non
715 809 751 829 ea
769 798 816 830 vis
833 798 939 829 animo
958 808 988 829 n.
1008 800 1027 830 t.
1046 807 1069 830 s.
1088 797 1126 829 v.'
1150 808 1208 838 quo
1232 808 1300 838 erqo
1324 797 1438 829 ibatis?

156 852 211 885 est
229 853 311 885 locus
325 853 510 893 Hesperiam
529 851 570 884 G.
583 863 607 884 c.
621 851 662 884 d?
686 854 715 883 et
732 862 788 884 eur
805 851 863 883 huc
881 851 1028 883 venistis?
1053 850 1133 883 ‘eum
1155 851 1253 883 subito
1272 852 1439 891 adsuryens

128 907 177 957 s.
198 918 229 939 n.
258 905 305 938 0?
350 917 389 938 ne
411 908 513 938 autem
530 906 654 947 possint
676 906 790 944 timeri,
813 904 892 936 ait
896 906 991 946 pauci
1012 906 1120 937 vestris
1142 905 1328 937 adnavimus
1352 903 1440 936 oris'.

153 971 197 992 an
216 961 355 1002 qratiam
377 959 536 999 referant?
575 959 693 1000 ‘officio
715 969 770 990 nec
793 961 820 990 te
843 961 970 990 certasse
986 959 1124 999 priorem
1145 958 1326 998 paeniteat’.
1359 958 1440 999 quod
1460 966 1493 989 15

152 1016 254 1045 autem
268 1013 407 1045 Aeneam
431 1013 551 1054 laudat,
575 1013 685 1044 occulte
708 1013 801 1043 etiam
826 1014 969 1043 terrorem
992 1012 1104 1043 incutit
1125 1011 1283 1043 dicendo
1291 1022 1344 1043 nec
1367 1012 1441 1043 bello

151 1068 254 1099 maior
276 1069 305 1098 et
326 1066 450 1098 armis'.
496 1067 571 1098 dicit
592 1066 685 1098 etiam
709 1076 771 1098 esse
798 1065 852 1106 qui
874 1065 1040 1106 vindicent,
1068 1066 1096 1096 si
1122 1065 1180 1105 fiat
1206 1065 1328 1096 iniuria
1352 1064 1440 1097 ‘sunt

157 1123 186 1152 et
201 1119 318 1153 Siculis
341 1120 513 1161 reyitmibus
536 1131 566 1151 u.
585 1130 614 1151 a.
633 1130 660 1160 q.
682 1120 716 1151 T.
735 1129 762 1159 q.
781 1129 810 1150 a.
829 1129 852 1150 s.
871 1129 893 1150 c.
913 1117 966 1150 A?
990 1129 1033 1150 an
1055 1119 1203 1150 recessuri
1225 1118 1310 1150 sint?
1340 1117 1441 1158 ‘quas—

155 1176 258 1206 satam
279 1174 377 1205 ventis
401 1173 489 1205 liceat
510 1173 595 1206 subd.
619 1173 653 1205 c.'
699 1176 728 1205 et
749 1173 925 1211 subiunoeit,
953 1172 1076 1204 etiamsi
1103 1182 1201 1212 reyem
1229 1172 1392 1203 amisimus
1415 1175 1443 1203 et

152 1227 286 1260 Italiam
308 1237 371 1258 non
389 1227 537 1268 petimus,
564 1229 666 1258 tamen
688 1227 732 1258 ad
753 1225 896 1258 Siciliam
919 1226 1086 1258 necessario
1109 1226 1295 1257 discedemus
1318 1225 1362 1257 ‘si
1385 1226 1438 1257 da·
1459 1233 1493 1256 20

153 1283 204 1312 twr
225 1280 358 1312 Italiam
381 1290 405 1311 s.
428 1290 452 1311 e.
475 1280 604 1320 reliqua.
641 1280 693 1311 sin
715 1279 878 1319 absumpta
901 1279 987 1310 salus
1009 1289 1032 1311 e.
1057 1281 1077 1310 t.
1094 1290 1128 1320 p.
1152 1289 1177 1310 o.
1199 1279 1235 1310 T.
1251 1289 1284 1319 p.
1305 1278 1334 1310 h.
1354 1279 1392 1310 L.
1411 1289 1441 1310 n.

151 1344 176 1365 s.
198 1334 219 1365 i.
241 1344 267 1365 r.
290 1333 319 1365 I.
348 1335 383 1364 at
407 1333 488 1373 freta
512 1332 658 1365 Sicaniae
685 1332 813 1364 saltem'.
904 1344 1008 1364 Noram
1032 1344 1129 1363 νκΒΕΜ
1151 1332 1241 1363 iuxta
1268 1331 1442 1364 Poenorum

153 1387 327 1428 oyn'mionem
350 1386 444 1427 dixit,
467 1387 521 1426 qui
544 1396 656 1418 novam
679 1387 831 1418 civitatem
855 1384 1076 1425 Carthayinem
1098 1385 1212 1417 dictent.

243 1440 317 1472 523.
355 1448 509 1472 IVSTITIA
532 1440 615 1471 bene
635 1439 852 1471 consideravit
872 1450 997 1480 sexum3
1020 1450 1079 1471 nec
1100 1439 1186 1470 enim
1207 1438 1361 1470 ‘virtute'
1386 1449 1442 1480 po—

153 1495 240 1526 terat
272 1493 385 1525 dicere.
486 1506 598 1526 omres
628 1503 691 1525 non
722 1492 1027 1533 Carthayiniensium
1037 1517 1045 1531 ‚
1077 1493 1130 1524 sed
1160 1493 1443 1524 circumiacentium
1462 1501 1496 1524 25

154 1547 365 1579 barbarorum.
457 1555 618 1578 FRENARE
640 1546 818 1588 continere,
842 1547 878 1577 ut
898 1548 1012 1578 contra
1031 1548 1068 1578 et
1086 1545 1271 1578 Numidae
1296 1545 1443 1577 infreni

155 1601 215 1632 cin
221 1611 243 1643 g
252 1612 271 1632 u
277 1602 327 1631 nt.

244 1654 318 1686 524.
356 1662 468 1686 TROES
499 1662 544 1685 ΤΕ
574 1662 696 1686 MISERI
728 1653 838 1685 tacitis
872 1653 1012 1685 occurrit
1044 1653 1300 1694 quaestionibus,
1333 1664 1373 1684 ne
1404 1652 1444 1684 ad

154 1707 400 1749 populationem
423 1707 553 1739 venisse
577 1707 749 1739 videantur
774 1717 863 1738 more
892 1707 948 1748 qui
976 1708 1054 1738 tune
1083 1706 1225 1747 vigebat.
1270 1709 1300 1738 et
1325 1706 1445 1738 videtur

154 1760 244 1793 aliud
264 1761 307 1792 ad
327 1761 522 1801 diqnitatem,
545 1761 635 1792 aliud
656 1761 700 1792 ad
721 1760 948 1792 miserationem
965 1760 1141 1800 protulisse.
1233 1768 1358 1791 VENTIS
1377 1768 1440 1791 ΜΑ-
1462 1768 1495 1791 30

231 1859 264 1911 223
285 1884 314 1911 et
332 1883 485 1919 Numidae]
506 1884 538 1910 A.
559 1883 597 1909 IV
617 1886 649 1909 41

229 2003 245 2026 2
266 1999 382 2026 sedebat
397 2000 420 2026 O
432 2000 441 2033 ΙΙ
455 1999 567 2033 qualem
587 1999 650 2025 uult
667 1999 780 2032 scripsi:
799 1998 848 2031 qui
866 1998 952 2024 talem
967 1999 1029 2025 uult
1044 1998 1067 2024 G
1093 1998 1205 2032 qualem
1225 2001 1305 2026 curat
1323 2000 1443 2027 enotavit

156 2036 305 2069 Scioppius
317 2036 327 2069 ΙΙ
341 2038 358 2062 4
371 2035 433 2062 vult
450 2035 591 2069 inpetrare
606 2034 687 2067 LM,
706 2034 763 2060 nisi
776 2035 849 2067 quod
868 2034 1019 2068 impetrare
1034 2034 1073 2060 L:
1092 2034 1243 2068 impetrare
1263 2035 1403 2062 desiderat
1417 2036 1443 2061 Β

156 2071 297 2105 inpetrare
313 2071 372 2099 GH
389 2071 462 2104 (uult
480 2070 540 2104 ipse
559 2078 634 2104 supr.
654 2078 720 2097 vers.
737 2070 800 2096 add.
818 2069 861 2103 0²)
876 2070 885 2103 ΙΙ
899 2077 964 2096 nam
979 2078 1011 2096 ex
1025 2078 1060 2096 ne
1075 2070 1101 2095 L
1114 2071 1124 2104 n
1138 2078 1199 2096 eam
1219 2079 1269 2098 om.
1286 2071 1309 2098 0
1321 2073 1330 2104 [Ι
1344 2074 1359 2097 5
1380 2079 1443 2098 oon-

157 2106 390 2133 trouersariamm
410 2106 433 2132 C'
449 2107 458 2139 ΙΙ
477 2106 620 2132 rethorica
639 2106 662 2132 C
678 2107 687 2139 ΙΙ
707 2109 722 2132 6
742 2105 906 2132 conciliatus
927 2105 950 2131 0
967 2107 1047 2138 (corr.
1069 2105 1112 2139 0²)
1131 2106 1140 2139 ΙΙ
1161 2107 1190 2132 et
1208 2108 1304 2133 nostra
1324 2107 1347 2133 C'
1364 2108 1443 2140 (corr

159 2142 203 2175 δ’)
217 2142 227 2176 ΙΙ
243 2145 256 2168 ’1
276 2142 411 2168 iudicium
428 2142 450 2168 Ο
461 2143 471 2176 ΙΙ
487 2145 517 2167 11
538 2141 688 2176 prohibere
704 2141 726 2167 G
738 2141 747 2174 ΙΙ
764 2144 794 2166 12
810 2149 847 2167 an
864 2140 912 2166 0²:
928 2142 993 2176 Μυῒ,
1008 2140 1031 2167 0
1042 2142 1051 2175 ΙΙ
1071 2144 1104 2167 14
1119 2141 1274 2168 adnauibus
1290 2142 1314 2169 Ο
1324 2144 1333 2176 ΙΙ
1349 2146 1380 2169 17
1396 2143 1445 2169 fiat

160 2177 208 2203 0²:
226 2178 315 2218 fiasssss
333 2178 356 2204 0
367 2178 377 2212 ΙΙ
393 2180 424 2204 18
444 2178 493 2212 an]
516 2178 566 2204 ant
585 2177 677 2217 01124
696 2176 829 2202 uirtutem
849 2176 876 2201 Β
883 2176 906 2202 0
918 2176 927 2210 ΙΙ
942 2179 975 2203 25
996 2185 1095 2203 omn-rm
1115 2187 1234 2204 ruamur:
1254 2187 1310 2204 non
1329 2178 1443 2204 Cartha-

159 2212 327 2246 giniensium
349 2214 398 2240 sed
426 2212 684 2240 circumiacentium
709 2212 898 2239 barbarorum.
937 2213 966 2238 et
988 2212 1058 2239 bene
1082 2212 1192 2239 frenare
1216 2213 1281 2247 quia
1301 2216 1397 2240 eontra
1416 2215 1445 2252 et

159 2248 288 2275 numidae
307 2248 410 2275 infreni
429 2249 547 2283 cingunt
567 2248 589 2275 G
606 2249 615 2282 ΙΙ
634 2251 667 2274 28
688 2247 760 2274 sieut
779 2247 886 2274 dictum
905 2249 948 2274 est
965 2247 1060 2274 tacitis
1081 2248 1104 2274 C'
1120 2248 1129 2282 ΙΙ
1147 2249 1253 2283 tacitis]
1274 2249 1371 2275 accitis
1390 2249 1438 2274 B

162 2286 195 2309 29
214 2292 291 2310 more
310 2284 359 2317 qui
377 2286 443 2310 tunc
462 2284 578 2318 vigebat
595 2292 645 2311 om.
663 2284 685 2310 C
697 2285 706 2318 ΙΙ
721 2291 797 2309 more
817 2283 1004 2310 latrocinandi
1023 2283 1052 2309 D
1080 2292 1156 2310 more
1175 2284 1315 2311 latronum
1337 2285 1443 2310 Masci-

160 2319 245 2380 eiust'i
255 2320 284 2345 et
300 2319 412 2381 videctur
431 2321 550 2347 enotavit
569 2319 730 2353 Scioppius:
749 2319 781 2345 ut
799 2318 910 2345 uidetur
930 2319 953 2345 C
980 2321 1011 2345 ut
1029 2319 1158 2346 uideatur
1173 2320 1279 2354 0²1130
1298 2319 1374 2346 aliud
1394 2319 1444 2345 mi-

161 2362 222 2380 sera
247 2362 327 2381 onem
542 2359 569 2379 0

216 2403 287 2422 Servii
303 2410 382 2423 comm.
397 2404 459 2424 Tom.
475 2405 492 2424 Ι,
507 2405 573 2425 Fasc.
588 2405 606 2425 I.
1198 2403 1225 2425 ῙῙ
