1630 2684
183 467 199 490 ὁ

167 733 199 757 10

165 1001 196 1025 15

162 1269 196 1292 20

161 1538 195 1561 25

226 165 289 196 180
801 165 924 192 SERVII

221 257 330 278 venum
348 247 497 287 disposita
519 246 711 278 &exhalatione
734 249 832 279 terrae
853 247 901 279 ali·
921 245 1119 279 credantur.*
1160 246 1288 287 quidam
1306 246 1412 278 radios
1428 245 1504 278 solie

215 300 305 339 pasci
327 302 470 332 asse-mant
491 310 597 332 umore
620 302 745 332 terreno.
792 299 911 340 ‘polus’
934 302 1038 332 autem
1060 300 1178 332 caelum
1201 300 1289 331 dixit.

310 353 384 384 609.
422 366 516 386 nouos
536 353 647 395 honor,
670 363 714 384 an
731 353 826 385 honos
843 354 1018 394 quaeritur,
1040 354 1116 394 quia
1137 353 1350 385 nominativus
1365 351 1505 393 pluralis

220 405 300 438 ‘res'
332 407 515 439 terminatus
543 406 733 447 sinyularem
761 407 797 438 in
827 417 863 438 or
891 407 999 446 mittit,
1031 409 1066 438 ut
1095 417 1214 439 amores
1243 416 1346 447 amor,
1375 404 1504 438 honam

217 459 327 499 honor,
350 461 479 502 exerptis
502 459 734 501 monosyllabis,
757 462 792 491 ut
813 459 871 500 flos
893 470 959 491 mos
980 469 1039 492 ros.

306 513 380 545 610.
419 526 497 549 ern·
515 525 558 544 m:
575 524 694 548 eruam
719 525 828 545 rocAm·
847 525 960 545 mmm:
980 513 1016 545 id
1031 515 1077 545 est
1097 513 1133 545 in
1154 513 1391 554 quibuscumque
1413 510 1504 544 tem‘s

215 566 314 605 suero.
1164 564 1168 568 ’

305 620 379 651 611.
422 632 540 652 numm
563 620 792 660 paenultimam
815 620 908 652 huius
930 620 1067 652 nominis
1083 619 1233 661 syllabam
1251 622 1368 652 natm
1386 619 1502 651 brem

217 672 353 714 licentia,
375 684 438 714 qua
461 674 496 705 in
517 673 695 706 nominibus
711 674 853 715 propriis
875 684 979 706 omnes
1000 674 1137 715 syllabae
1153 673 1270 706 vocales
1286 674 1420 714 possunt
1439 681 1502 705 esce

217 736 403 766 communes,
420 727 580 768 produxit.

305 780 379 811 613.
417 789 601 812 ons‘rn’vrr
631 781 739 813 animo
768 781 918 823 perculsa
946 783 1008 823 est,
1041 780 1126 823 quod
1155 780 1221 813 iam
1250 779 1351 813 futuri
1379 777 1501 813 amon·

216 834 267 864 est
290 833 430 874 signum.
520 843 629 867 muno
653 843 812 867 Aspnc'rv
836 835 868 867 id
892 836 943 867 est
963 834 1212 876 pulchritudine.
1305 845 1423 868 smoim
1439 841 1502 874 pro

218 886 316 927 Tyria
339 897 360 918 a
382 887 547 919 vicinitate.

305 941 380 972 614.
417 950 502 973 cAsv
527 950 663 973 omnm:
687 941 721 973 id
745 944 795 974 est
814 942 1032 974 miseratione.
1122 950 1166 973 m*
1191 949 1244 974 sic
1267 948 1337 974 ons.
1361 947 1501 973 noevu

215 1001 278 1025 EST
303 994 518 1035 pleonasmos
553 995 600 1027 sic
623 1006 831 1037 vocemque
855 995 914 1028 his
938 995 1096 1028 auribus
1119 995 1241 1027 hausi.

304 1047 379 1079 615.
416 1057 494 1086 QVls
527 1057 571 1080 ΤΕ
605 1057 699 1080 NATE
734 1057 805 1080 ΒΕΔ
838 1048 923 1091 quis,
955 1049 1075 1091 qualis3
1104 1047 1296 1080 admirantis
1325 1047 1411 1081 enim
1436 1048 1499 1089 8917,

215 1111 280 1133 non
303 1101 547 1143 interrogantis,
572 1103 608 1134 ut
632 1101 718 1144 quis
743 1102 897 1144 globus,
920 1114 939 1134 ο
963 1102 1081 1134 cives!
1118 1113 1184 1134 non
1207 1101 1295 1133 enim
1318 1100 1502 1144 interrog-,t

215 1154 271 1186 ille
295 1155 350 1196 qui
374 1155 513 1187 nuntiat.
547 1155 608 1187 hoe
631 1157 739 1187 autem
763 1155 861 1197 Dido,
885 1158 922 1187 ut
945 1158 1020 1198 post
1039 1156 1173 1195 indicat,
1197 1166 1236 1187 ex
1255 1153 1372 1187 Teucri
1389 1151 1500 1187 ninu-

215 1208 304 1239 tione
328 1208 489 1250 cognovit.

305 1262 378 1293 616.
417 1271 510 1300 QVAE
534 1271 589 1295 v1s
614 1263 729 1305 qualis.
820 1271 1010 1295 mmmmvs
1035 1271 1112 1295 oms
1136 1264 1172 1294 ut
1195 1261 1371 1294 Sallustius
1393 1270 1499 1294 mare

216 1325 383 1357 saevum,
406 1314 687 1357 inportuosum.
760 1329 924 1348 mmmmm
944 1317 1020 1356 oms]
1043 1326 1106 1348 non
1123 1316 1160 1348 de
1177 1326 1233 1348 suo
1251 1325 1343 1356 rayno
1365 1314 1425 1357 ait,
1446 1313 1502 1348 δαὶ

215 1368 287 1401 illas
310 1379 382 1400 oras
403 1370 571 1411 siynifioat,
593 1379 671 1410 quas
693 1369 833 1401 Ilioneus
855 1370 902 1401 ait
918 1379 986 1410 per
1010 1370 1115 1401 invia
1137 1379 1232 1401 saxa
1253 1367 1423 1410 dispulit.

214 1430 390 1454 ADPLICAT
406 1422 580 1454 secundum
595 1425 799 1464 praesentem
820 1433 912 1455 usum
930 1434 988 1464 per
1004 1422 1046 1454 ‘d’
1066 1422 1172 1464 prima
1191 1421 1323 1464 syllaba
1337 1419 1499 1463 scribitur,

215 1473 388 1508 sEcundum
418 1476 588 1518 antiquam
617 1476 903 1518 orthographiam,
935 1487 1017 1518 quae
1044 1475 1321 1518 praepositionum
1348 1474 1498 1507 ultimam

215 1529 361 1562 litteram
396 1530 429 1561 in
462 1529 602 1562 vicinam
635 1530 798 1571 mutabat,
830 1541 888 1571 per
917 1529 981 1571 ‘p',
1011 1529 1185 1562 secundum
1217 1527 1413 1571 euphoniam
1439 1537 1500 1570 per

216 1582 259 1615 ‘a'
284 1586 422 1615 tantum.
471 1583 672 1626 praepositio
697 1583 782 1614 enim
807 1594 879 1615 eum
903 1583 944 1615 ad
967 1583 1226 1625 conpositionem
1248 1580 1420 1614 transierit
1441 1581 1499 1613 aut

215 1637 280 1669 vim
305 1648 396 1669 suam
421 1636 553 1679 retinet,
576 1639 613 1669 ut
635 1636 756 1678 indico,
780 1639 836 1669 aut
859 1639 966 1669 mutat
993 1636 1143 1668 ultimam
1167 1636 1327 1676 litteram,
1349 1635 1387 1667 ut
1408 1632 1497 1667 suffi-

214 1690 279 1732 cio,
302 1693 359 1723 aut
382 1691 503 1733 perdit,
527 1693 564 1723 ut
587 1701 707 1723 coemo.

286 1773 300 1796 7
316 1770 519 1804 paenultimam
535 1792 540 1796 .
553 1791 558 1796 .
571 1791 576 1796 .
591 1769 735 1804 produxit]
751 1769 785 1796 ef.
800 1769 879 1796 Luet.
895 1768 970 1796 Plan.
985 1768 1022 1795 ad
1037 1768 1107 1795 Stat.
1118 1768 1205 1795 Theb.
1221 1768 1232 1794 I
1247 1770 1300 1794 225
1313 1768 1324 1802 Β
1338 1770 1371 1794 15
1386 1774 1498 1795 vocem-

214 1805 281 1840 que]
306 1807 340 1832 A.
359 1805 397 1832 lV
416 1809 468 1832 359
492 1806 502 1840 [Ι
526 1809 559 1832 16
582 1806 747 1832 admirantis
770 1805 845 1832 enim
868 1804 924 1839 est]
949 1804 983 1832 ef.
1007 1804 1077 1831 Don.
1102 1804 1138 1831 ad
1157 1803 1220 1831 Ter.
1239 1803 1325 1830 Andr.
1343 1802 1383 1829 lv
1401 1805 1433 1836 8,
1451 1802 1496 1838 41}

216 1845 247 1868 17
268 1841 343 1876 quis]
363 1843 396 1868 A.
416 1841 454 1867 IX
473 1841 531 1875 3511
549 1844 584 1867 20
604 1840 767 1875 Sallustius]
789 1841 847 1875 lug.
869 1843 910 1874 17,
930 1843 945 1866 5
963 1841 973 1874 ΙΙ
991 1843 1025 1866 22
1045 1848 1095 1874 per
1112 1838 1201 1874 invia]
1221 1840 1253 1866 A.
1274 1839 1286 1865 1
1305 1838 1429 1873 537128
1446 1846 1496 1865 Αυ-

213 1877 317 1912 Ρωοᾼτ]
338 1877 372 1904 cf.
393 1877 463 1904 Don.
484 1877 520 1904 ad
540 1877 602 1903 Ter.
622 1877 707 1904 Andr.
727 1876 750 1903 V
771 1880 797 1910 4,
816 1879 849 1903 21

285 1952 300 1975 3
320 1949 410 1975 honor
428 1957 465 1976 an
483 1949 572 1975 honos
589 1948 757 1975 Masi-icius:
776 1948 881 1975 honore
896 1948 925 1974 et
939 1947 1026 1974 honos
1042 1946 1066 1973 0
1087 1946 1177 1973 honor
1189 1945 1292 1972 rectius
1307 1952 1392 1979 quam
1405 1943 1495 1985 honos

213 1984 316 2011 dicitur
340 1986 409 2012 coni.
434 1984 470 2012 F.
490 1984 647 2011 Schoenitas.
676 1985 710 2017 cf.
731 1984 805 2011 Serv.
829 1984 866 2010 ad
889 1984 958 2011 Aen.
978 1983 990 2009 I
1009 1985 1061 2009 253
1083 1983 1094 2018 ΙΙ
1120 1985 1136 2009 6
1154 1981 1185 2008 id
1203 1982 1247 2008 est
1265 2001 1271 2008 .
1292 2002 1299 2008 .
1320 2001 1326 2007 .
1349 1979 1442 2016 fuero]
1464 1979 1496 2007 id

213 2021 256 2046 est
281 2020 449 2054 ubicumque
474 2022 612 2047 terrarum
638 2020 811 2046 habitavero.
855 2020 898 2046 est
922 2020 1018 2046 autem
1040 2017 1137 2045 tmesis
1162 2023 1353 2058 quaecumque
1377 2015 1459 2050 vulgo
1485 2013 1496 2052 ss

214 2060 230 2082 8
249 2057 287 2082 acl
300 2065 325 2082 r.
340 2059 390 2083 611
412 2056 530 2090 Ilionea]
550 2055 752 2091 paenultimam
770 2057 871 2082 natura
889 2055 1004 2082 breuem
1023 2075 1030 2082 .
1047 2075 1053 2082 .
1069 2074 1075 2082 .
1093 2052 1227 2088 produnt
1244 2051 1269 2078 G'
1278 2052 1335 2093 [11
1355 2051 1393 2078 ad
1406 2059 1431 2078 υ.
1442 2053 1494 2079 613

214 2091 341 2126 Sidonia]
361 2100 411 2126 pro
426 2091 509 2125 Tyria
523 2099 541 2118 a
554 2091 701 2118 nicinitate
721 2093 782 2126 (pro
796 2091 931 2124 ciuitate).
947 2090 996 2124 P!
1011 2092 1044 2117 14
1058 2090 1095 2116 ad
1109 2097 1132 2116 v.
1147 2090 1201 2116 614
1219 2087 1256 2114 Et
1274 2095 1314 2114 sic
1333 2094 1381 2114 ors
1399 2086 1497 2114 leont·

213 2127 267 2162 est]
296 2127 488 2161 pleonasmus,
518 2129 549 2154 ut
578 2127 693 2154 ‘uocem
725 2126 769 2154 his
796 2126 909 2154 auribus
937 2125 1024 2153 ausi’.
1060 2125 1087 2152 P
1110 2125 1121 2158 Ι
1147 2123 1210 2166 Q
1233 2122 1412 2150 miseratione
1437 2121 1462 2148 Ο
1485 2121 1496 2157 ΙΙ

214 2183 246 2206 15
266 2180 394 2214 omnibus
414 2179 437 2206 G
453 2180 577 2213 (auribus
598 2180 647 2214 0²)
669 2182 679 2214 ΙΙ
702 2180 763 2207 ausi
784 2179 836 2206 GL
855 2181 934 2214 (corr.
955 2178 995 2206 θ’
1016 2178 1058 2205 vel
1077 2177 1126 2212 θ’)
1148 2178 1158 2212 ΙΙ
1180 2176 1262 2204 hausi
1287 2176 1317 2203 id
1336 2176 1380 2203 est
1396 2175 1495 2211 accepi

212 2216 239 2242 B
261 2216 272 2250 ΙΙ
296 2219 328 2242 16
348 2217 385 2242 ad
403 2224 426 2242 v.
447 2219 498 2242 615
524 2216 591 2248 Quis
609 2218 639 2242 te
658 2217 723 2243 nate
743 2215 808 2250 dea]
827 2216 902 2250 quis,
927 2214 1018 2253 qualis
1037 2236 1043 2242 .
1059 2235 1065 2242 .
1081 2234 1087 2240 .
1107 2221 1124 2240 o
1143 2213 1226 2240 ciues.
1252 2212 1280 2238 P
1304 2212 1314 2246 fl
1342 2214 1376 2239 18
1399 2213 1494 2239 antem

212 2260 263 2279 om.
283 2251 306 2279 G
326 2252 336 2286 ΙΙ
357 2253 423 2286 post
441 2259 475 2278 ea
494 2251 517 2278 Ο
536 2252 546 2286 11
569 2255 603 2279 20
627 2252 664 2278 ad
686 2261 710 2279 v.
731 2254 782 2278 616
801 2251 945 2286 Adplicat]
970 2249 1121 2277 secundum
1145 2248 1322 2283 praesentem
1340 2256 1422 2274 usum
1441 2268 1448 2274 .
1464 2267 1470 2274 .
1486 2266 1501 2287 ,ι

211 2296 317 2314 coemo.
345 2287 373 2313 P
397 2287 407 2321 ΙΙ
434 2296 505 2316 evas
523 2296 566 2314 vm
586 2287 678 2321 qualis
700 2295 750 2314 om.
772 2287 795 2313 C
819 2288 829 2321 ss
857 2290 889 2313 21
913 2286 1119 2320 inportuosum:
1143 2293 1199 2312 non
1221 2292 1288 2318 ergo
1313 2283 1347 2310 de
1371 2291 1421 2310 suo
1445 2281 1498 2322 0-ss

211 2327 245 2349 23
264 2322 395 2350 scribitur
413 2331 463 2350 om.
484 2323 533 2357 Pu
551 2324 697 2357 antiquam
716 2324 810 2349 autem
833 2323 860 2348 1³
871 2324 881 2357 ΙΙ
894 2325 928 2349 25
948 2321 1082 2355 litteram]
1102 2328 1253 2361 consonam
1274 2319 1323 2354 Pu
1341 2318 1493 2359 secundm

211 2367 277 2385 uero
299 2359 327 2385 Ρ
350 2360 361 2394 fl
387 2362 421 2385 26
441 2359 610 2394 praepositio
630 2359 704 2386 enim
724 2381 730 2387 .
746 2379 769 2387 ..
790 2358 900 2393 coemo]
920 2358 974 2385 hoc
993 2357 1055 2383 loco
1073 2365 1179 2383 sermus
1203 2356 1302 2382 contra
1339 2360 1491 2381 uncianum

211 2394 334 2429 loquitur
352 2397 362 2422 1
380 2396 412 2422 in
429 2404 515 2430 mary.
538 2396 548 2429 1
570 2398 603 2422 27
623 2395 717 2422 indico
735 2395 770 2421 H
774 2395 810 2421 M
815 2395 853 2421 P:
877 2393 948 2420 dedo
966 2393 994 2419 B
1025 2391 1117 2419 indico
1136 2400 1170 2419 ex
1187 2390 1280 2418 iudico
1344 2389 1447 2417 induco
1463 2387 1491 2415 L
