<?xml version="1.0" encoding="UTF-8"?>
<!DOCTYPE html PUBLIC "-//W3C//DTD XHTML 1.0 Transitional//EN"
    "http://www.w3.org/TR/xhtml1/DTD/xhtml1-transitional.dtd">
<html xmlns="http://www.w3.org/1999/xhtml" xml:lang="en" lang="en">
 <head>
  <title>
</title>
<meta http-equiv="Content-Type" content="text/html;charset=utf-8" />
  <meta name='ocr-system' content='tesseract 3.04.00' />
  <meta name='ocr-capabilities' content='ocr_page ocr_carea ocr_par ocr_line ocrx_word'/>
</head>
<body>
  <div class='ocr_page' id='page_1' title='image "./invergiliicarmin00servuoft/invergiliicarmin00servuoft_0181.png"; bbox 0 0 1630 2684; ppageno 0'>
   <div class='ocr_carea' id='block_1_1' title="bbox 0 1563 12 2237">
    <p class='ocr_par' dir='ltr' id='par_1_1' title="bbox 0 1563 12 2237">
     <span class='ocr_line' id='line_1_1' title="bbox 0 1563 12 2237; textangle 90"><span class='ocrx_word' id='word_1_1' title='bbox 0 2230 2 2237; x_wconf 74' lang='grc'><strong><em>’</em></strong></span> <span class='ocrx_word' id='word_1_2' title='bbox 0 2180 7 2214; x_wconf 47' lang='grc' dir='ltr'>«νῦ</span> <span class='ocrx_word' id='word_1_3' title='bbox 1 2167 11 2170; x_wconf 55' lang='lat' dir='ltr'>a</span> <span class='ocrx_word' id='word_1_4' title='bbox 0 1705 12 2155; x_wconf 56' lang='lat' dir='ltr'>*wimmrvmvwm&#39;wwww</span> <span class='ocrx_word' id='word_1_5' title='bbox 0 1620 9 1700; x_wconf 75' lang='lat'>-,.-.-..-„.-</span> <span class='ocrx_word' id='word_1_6' title='bbox 0 1606 2 1613; x_wconf 57' lang='lat'><strong>&lt;</strong></span> <span class='ocrx_word' id='word_1_7' title='bbox 1 1563 3 1565; x_wconf 85' lang='lat'>.</span> 
     </span>
    </p>
   </div>
   <div class='ocr_carea' id='block_1_2' title="bbox 494 134 1438 167">
    <p class='ocr_par' dir='ltr' id='par_1_2' title="bbox 494 134 1438 167">
     <span class='ocr_line' id='line_1_2' title="bbox 494 134 1438 167; baseline 0.003 -3"><span class='ocrx_word' id='word_1_8' title='bbox 494 136 607 164; x_wconf 81' lang='lat' dir='ltr'>COMM.</span> <span class='ocrx_word' id='word_1_9' title='bbox 626 136 667 163; x_wconf 83' lang='lat' dir='ltr'>IN</span> <span class='ocrx_word' id='word_1_10' title='bbox 684 134 791 162; x_wconf 77' lang='lat' dir='ltr'><strong>VERG.</strong></span> <span class='ocrx_word' id='word_1_11' title='bbox 811 135 895 162; x_wconf 81' lang='lat' dir='ltr'>AEN.</span> <span class='ocrx_word' id='word_1_12' title='bbox 914 136 934 163; x_wconf 92' lang='grc' dir='ltr'>Ι.</span> <span class='ocrx_word' id='word_1_13' title='bbox 955 139 1104 164; x_wconf 80' lang='lat'>547—551.</span> <span class='ocrx_word' id='word_1_14' title='bbox 1375 135 1438 167; x_wconf 81' lang='lat'>169</span> 
     </span>
    </p>
   </div>
   <div class='ocr_carea' id='block_1_3' title="bbox 153 216 1446 1649">
    <p class='ocr_par' dir='ltr' id='par_1_3' title="bbox 153 216 1445 1541">
     <span class='ocr_line' id='line_1_3' title="bbox 159 216 1440 262; baseline -0.002 -10"><span class='ocrx_word' id='word_1_15' title='bbox 159 219 353 262; x_wconf 81' lang='lat' dir='ltr'>promissam</span> <span class='ocrx_word' id='word_1_16' title='bbox 385 228 550 250; x_wconf 87' lang='lat' dir='ltr'>murorum</span> <span class='ocrx_word' id='word_1_17' title='bbox 586 216 765 249; x_wconf 80' lang='lat' dir='ltr'>mercedem</span> <span class='ocrx_word' id='word_1_18' title='bbox 798 217 950 258; x_wconf 87' lang='lat' dir='ltr'>Neptuno</span> <span class='ocrx_word' id='word_1_19' title='bbox 989 219 1022 249; x_wconf 88' lang='lat' dir='ltr'>et</span> <span class='ocrx_word' id='word_1_20' title='bbox 1055 218 1202 259; x_wconf 87' lang='lat' dir='ltr'>Apollini</span> <span class='ocrx_word' id='word_1_21' title='bbox 1239 218 1440 260; x_wconf 75' lang='lat' dir='ltr'>denegasset,</span> 
     </span>
     <span class='ocr_line' id='line_1_4' title="bbox 160 270 1440 315; baseline -0.002 -9"><span class='ocrx_word' id='word_1_22' title='bbox 160 273 331 315; x_wconf 79' lang='lat' dir='ltr'><strong>Neptunus</strong></span> <span class='ocrx_word' id='word_1_23' title='bbox 363 273 464 304; x_wconf 80' lang='lat' dir='ltr'>iratus</span> <span class='ocrx_word' id='word_1_24' title='bbox 494 270 611 303; x_wconf 82' lang='lat' dir='ltr'>Troiae</span> <span class='ocrx_word' id='word_1_25' title='bbox 643 270 770 302; x_wconf 89' lang='lat' dir='ltr'>inmisit</span> <span class='ocrx_word' id='word_1_26' title='bbox 805 273 893 303; x_wconf 82' lang='lat' dir='ltr'>cetos</span> <span class='ocrx_word' id='word_1_27' title='bbox 927 271 1012 312; x_wconf 88' lang='lat' dir='ltr'>quod</span> <span class='ocrx_word' id='word_1_28' title='bbox 1046 282 1117 303; x_wconf 88' lang='lat' dir='ltr'>eam</span> <span class='ocrx_word' id='word_1_29' title='bbox 1150 274 1302 304; x_wconf 83' lang='lat' dir='ltr'>vastaret.</span> <span class='ocrx_word' id='word_1_30' title='bbox 1357 272 1440 303; x_wconf 86' lang='lat' dir='ltr'>unde</span> 
     </span>
     <span class='ocr_line' id='line_1_5' title="bbox 162 324 1440 368; baseline -0.002 -9"><span class='ocrx_word' id='word_1_31' title='bbox 162 326 283 368; x_wconf 92' lang='lat' dir='ltr'>Apollo</span> <span class='ocrx_word' id='word_1_32' title='bbox 303 325 483 366; x_wconf 81' lang='lat' dir='ltr'>consultus,</span> <span class='ocrx_word' id='word_1_33' title='bbox 502 335 573 356; x_wconf 88' lang='lat' dir='ltr'>cum</span> <span class='ocrx_word' id='word_1_34' title='bbox 594 326 626 356; x_wconf 91' lang='lat' dir='ltr'>et</span> <span class='ocrx_word' id='word_1_35' title='bbox 646 324 716 366; x_wconf 88' lang='lat' dir='ltr'>ipse</span> <span class='ocrx_word' id='word_1_36' title='bbox 735 324 936 363; x_wconf 77' lang='lat' dir='ltr'>irasceretur,</span> <span class='ocrx_word' id='word_1_37' title='bbox 956 325 1120 356; x_wconf 82' lang='lat' dir='ltr'>contraria</span> <span class='ocrx_word' id='word_1_38' title='bbox 1139 325 1306 366; x_wconf 74' lang='lat' dir='ltr'>respondit</span> <span class='ocrx_word' id='word_1_39' title='bbox 1324 325 1440 366; x_wconf 89' lang='lat' dir='ltr'>dicens,</span> 
     </span>
     <span class='ocr_line' id='line_1_6' title="bbox 161 377 1441 420; baseline -0.002 -8"><span class='ocrx_word' id='word_1_40' title='bbox 161 379 343 412; x_wconf 85' lang='lat' dir='ltr'>obiciendas</span> <span class='ocrx_word' id='word_1_41' title='bbox 365 377 491 420; x_wconf 80' lang='lat' dir='ltr'>puellas</span> <span class='ocrx_word' id='word_1_42' title='bbox 514 378 641 409; x_wconf 89' lang='lat' dir='ltr'>nobiles</span> <span class='ocrx_word' id='word_1_43' title='bbox 665 377 788 409; x_wconf 88' lang='lat' dir='ltr'>beluae.</span> <span class='ocrx_word' id='word_1_44' title='bbox 819 378 904 420; x_wconf 89' lang='lat' dir='ltr'>quod</span> <span class='ocrx_word' id='word_1_45' title='bbox 928 389 1002 410; x_wconf 86' lang='lat' dir='ltr'>cum</span> <span class='ocrx_word' id='word_1_46' title='bbox 1025 378 1117 410; x_wconf 84' lang='lat' dir='ltr'>fieret</span> <span class='ocrx_word' id='word_1_47' title='bbox 1139 378 1258 410; x_wconf 82' lang='lat' dir='ltr'>timens</span> <span class='ocrx_word' id='word_1_48' title='bbox 1281 378 1441 419; x_wconf 72' lang='lat' dir='ltr'>Hippotes</span> 
     </span>
     <span class='ocr_line' id='line_1_7' title="bbox 161 430 1440 475; baseline -0.002 -10"><span class='ocrx_word' id='word_1_49' title='bbox 161 433 292 475; x_wconf 84' lang='lat' dir='ltr'>quidam</span> <span class='ocrx_word' id='word_1_50' title='bbox 314 431 434 463; x_wconf 90' lang='lat' dir='ltr'>nobilis</span> <span class='ocrx_word' id='word_1_51' title='bbox 458 430 545 462; x_wconf 90' lang='lat' dir='ltr'>filiae</span> <span class='ocrx_word' id='word_1_52' title='bbox 568 431 725 473; x_wconf 82' lang='lat' dir='ltr'>Egestae,</span> <span class='ocrx_word' id='word_1_53' title='bbox 750 442 822 463; x_wconf 81' lang='lat' dir='ltr'>eum</span> <span class='ocrx_word' id='word_1_54' title='bbox 846 431 1077 464; x_wconf 87' lang='lat' dir='ltr'>Laomedontis</span> <span class='ocrx_word' id='word_1_55' title='bbox 1101 432 1188 473; x_wconf 86' lang='lat' dir='ltr'>regis</span> <span class='ocrx_word' id='word_1_56' title='bbox 1208 431 1352 463; x_wconf 81' lang='lat' dir='ltr'>Hesiona</span> <span class='ocrx_word' id='word_1_57' title='bbox 1376 431 1440 463; x_wconf 85' lang='lat' dir='ltr'>iam</span> 
     </span>
     <span class='ocr_line' id='line_1_8' title="bbox 161 484 1441 526; baseline -0.002 -8"><span class='ocrx_word' id='word_1_58' title='bbox 161 487 247 519; x_wconf 81' lang='lat' dir='ltr'>esset</span> <span class='ocrx_word' id='word_1_59' title='bbox 275 486 347 517; x_wconf 86' lang='lat' dir='ltr'>orta</span> <span class='ocrx_word' id='word_1_60' title='bbox 374 484 532 516; x_wconf 85' lang='lat' dir='ltr'>seditione</span> <span class='ocrx_word' id='word_1_61' title='bbox 561 484 713 526; x_wconf 86' lang='lat' dir='ltr'>religata,</span> <span class='ocrx_word' id='word_1_62' title='bbox 743 485 921 526; x_wconf 85' lang='lat' dir='ltr'>inpositam</span> <span class='ocrx_word' id='word_1_63' title='bbox 952 496 1024 516; x_wconf 87' lang='lat' dir='ltr'>eam</span> <span class='ocrx_word' id='word_1_64' title='bbox 1053 485 1129 517; x_wconf 84' lang='lat' dir='ltr'>navi</span> <span class='ocrx_word' id='word_1_65' title='bbox 1160 485 1251 517; x_wconf 77' lang='lat' dir='ltr'>misit</span> <span class='ocrx_word' id='word_1_66' title='bbox 1281 495 1343 526; x_wconf 92' lang='lat' dir='ltr'>quo</span> <span class='ocrx_word' id='word_1_67' title='bbox 1374 484 1441 516; x_wconf 85' lang='lat' dir='ltr'>fors</span> 
     </span>
     <span class='ocr_line' id='line_1_9' title="bbox 160 536 1442 580; baseline -0.002 -9"><span class='ocrx_word' id='word_1_68' title='bbox 160 539 297 571; x_wconf 82' lang='lat' dir='ltr'>tulisset.</span> <span class='ocrx_word' id='word_1_69' title='bbox 330 537 409 570; x_wconf 84' lang='lat' dir='ltr'>haec</span> <span class='ocrx_word' id='word_1_70' title='bbox 433 537 473 569; x_wconf 87' lang='lat' dir='ltr'>ad</span> <span class='ocrx_word' id='word_1_71' title='bbox 494 536 639 569; x_wconf 82' lang='lat' dir='ltr'>Siciliam</span> <span class='ocrx_word' id='word_1_72' title='bbox 664 538 772 570; x_wconf 84' lang='lat' dir='ltr'>delata</span> <span class='ocrx_word' id='word_1_73' title='bbox 799 549 818 570; x_wconf 88' lang='lat' dir='ltr'>a</span> <span class='ocrx_word' id='word_1_74' title='bbox 841 537 996 570; x_wconf 84' lang='lat' dir='ltr'>Crimisso</span> <span class='ocrx_word' id='word_1_75' title='bbox 1021 538 1133 580; x_wconf 88' lang='lat' dir='ltr'>fluvio,</span> <span class='ocrx_word' id='word_1_76' title='bbox 1159 549 1255 580; x_wconf 91' lang='lat' dir='ltr'>quem</span> <span class='ocrx_word' id='word_1_77' title='bbox 1280 536 1442 569; x_wconf 84' lang='lat' dir='ltr'>Crinisum</span> 
     </span>
     <span class='ocr_line' id='line_1_10' title="bbox 161 591 1441 634; baseline -0.002 -10"><span class='ocrx_word' id='word_1_78' title='bbox 161 591 325 634; x_wconf 84' lang='lat' dir='ltr'>Vergilius</span> <span class='ocrx_word' id='word_1_79' title='bbox 349 591 477 632; x_wconf 88' lang='lat' dir='ltr'>poetica</span> <span class='ocrx_word' id='word_1_80' title='bbox 500 591 632 623; x_wconf 85' lang='lat' dir='ltr'>lieentia</span> <span class='ocrx_word' id='word_1_81' title='bbox 657 594 764 633; x_wconf 79' lang='lat' dir='ltr'>vocat,</span> <span class='ocrx_word' id='word_1_82' title='bbox 789 602 942 623; x_wconf 86' lang='lat' dir='ltr'>converso</span> <span class='ocrx_word' id='word_1_83' title='bbox 967 591 1001 622; x_wconf 90' lang='lat' dir='ltr'>in</span> <span class='ocrx_word' id='word_1_84' title='bbox 1024 603 1136 623; x_wconf 86' lang='lat' dir='ltr'>ursum</span> <span class='ocrx_word' id='word_1_85' title='bbox 1159 592 1211 624; x_wconf 89' lang='lat' dir='ltr'>vel</span> <span class='ocrx_word' id='word_1_86' title='bbox 1236 602 1347 623; x_wconf 82' lang='lat' dir='ltr'>canem</span> <span class='ocrx_word' id='word_1_87' title='bbox 1372 602 1441 623; x_wconf 84' lang='lat' dir='ltr'>eon-</span> 
     </span>
     <span class='ocr_line' id='line_1_11' title="bbox 159 644 1442 687; baseline 0 -11"><span class='ocrx_word' id='word_1_88' title='bbox 159 655 271 687; x_wconf 83' lang='lat' dir='ltr'>pressa</span> <span class='ocrx_word' id='word_1_89' title='bbox 304 644 404 676; x_wconf 88' lang='lat' dir='ltr'>edidit</span> <span class='ocrx_word' id='word_1_90' title='bbox 436 644 590 686; x_wconf 82' lang='lat' dir='ltr'>Acesten,</span> <span class='ocrx_word' id='word_1_91' title='bbox 623 645 678 687; x_wconf 88' lang='lat' dir='ltr'>qui</span> <span class='ocrx_word' id='word_1_92' title='bbox 711 656 749 677; x_wconf 87' lang='lat' dir='ltr'>ex</span> <span class='ocrx_word' id='word_1_93' title='bbox 782 645 895 677; x_wconf 89' lang='lat' dir='ltr'>matris</span> <span class='ocrx_word' id='word_1_94' title='bbox 928 645 1060 677; x_wconf 88' lang='lat' dir='ltr'>nomine</span> <span class='ocrx_word' id='word_1_95' title='bbox 1093 645 1260 677; x_wconf 84' lang='lat' dir='ltr'>civitatem</span> <span class='ocrx_word' id='word_1_96' title='bbox 1292 644 1442 676; x_wconf 83' lang='lat' dir='ltr'>Troianis</span> 
     </span>
     <span class='ocr_line' id='line_1_12' title="bbox 159 697 1444 740; baseline 0.001 -10"><span class='ocrx_word' id='word_1_97' title='bbox 159 697 314 739; x_wconf 81' lang='lat' dir='ltr'>condidit,</span> <span class='ocrx_word' id='word_1_98' title='bbox 342 709 423 740; x_wconf 88' lang='lat' dir='ltr'>quae</span> <span class='ocrx_word' id='word_1_99' title='bbox 455 698 551 730; x_wconf 92' lang='lat' dir='ltr'>hodie</span> <span class='ocrx_word' id='word_1_100' title='bbox 585 697 722 740; x_wconf 80' lang='lat' dir='ltr'>Segesta</span> <span class='ocrx_word' id='word_1_101' title='bbox 749 699 946 731; x_wconf 88' lang='lat' dir='ltr'>nominatur.</span> <span class='ocrx_word' id='word_1_102' title='bbox 1048 712 1230 734; x_wconf 65' lang='lat' dir='ltr'>raomzvoom:</span> <span class='ocrx_word' id='word_1_103' title='bbox 1251 712 1269 731; x_wconf 70' lang='lat' dir='ltr'>A</span> <span class='ocrx_word' id='word_1_104' title='bbox 1294 711 1368 731; x_wconf 60' lang='lat' dir='ltr'>salvo</span> <span class='ocrx_word' id='word_1_105' title='bbox 1377 712 1444 731; x_wconf 68' lang='lat' dir='ltr'>mm:</span> 
     </span>
     <span class='ocr_line' id='line_1_13' title="bbox 162 752 1443 794; baseline 0.001 -11"><span class='ocrx_word' id='word_1_106' title='bbox 162 754 234 784; x_wconf 63' lang='lat' dir='ltr'>02&gt;ss</span> <span class='ocrx_word' id='word_1_107' title='bbox 241 764 273 783; x_wconf 74' lang='lat' dir='ltr'>vs</span> <span class='ocrx_word' id='word_1_108' title='bbox 296 764 421 784; x_wconf 77' lang='lat' dir='ltr'>AGESTES</span> <span class='ocrx_word' id='word_1_109' title='bbox 438 752 509 784; x_wconf 86' lang='lat' dir='ltr'>bene</span> <span class='ocrx_word' id='word_1_110' title='bbox 525 752 674 794; x_wconf 84' lang='lat' dir='ltr'>Troiano,</span> <span class='ocrx_word' id='word_1_111' title='bbox 692 755 728 784; x_wconf 85' lang='lat' dir='ltr'>ut</span> <span class='ocrx_word' id='word_1_112' title='bbox 749 758 864 784; x_wconf 80' lang='lat' dir='ltr'>necesse</span> <span class='ocrx_word' id='word_1_113' title='bbox 882 752 991 784; x_wconf 82' lang='lat' dir='ltr'>habeat</span> <span class='ocrx_word' id='word_1_114' title='bbox 1008 753 1037 784; x_wconf 85' lang='lat' dir='ltr'>si</span> <span class='ocrx_word' id='word_1_115' title='bbox 1048 753 1139 792; x_wconf 87' lang='lat' dir='ltr'>passi</span> <span class='ocrx_word' id='word_1_116' title='bbox 1155 752 1274 792; x_wconf 81' lang='lat' dir='ltr'>fuerint</span> <span class='ocrx_word' id='word_1_117' title='bbox 1293 753 1443 784; x_wconf 85' lang='lat' dir='ltr'>iniuriam</span> 
     </span>
     <span class='ocr_line' id='line_1_14' title="bbox 162 805 1443 847; baseline 0.001 -11"><span class='ocrx_word' id='word_1_118' title='bbox 162 805 331 843; x_wconf 87' lang='lat' dir='ltr'>vindicare,</span> <span class='ocrx_word' id='word_1_119' title='bbox 355 806 437 845; x_wconf 78' lang='lat' dir='ltr'>quod</span> <span class='ocrx_word' id='word_1_120' title='bbox 458 806 492 837; x_wconf 89' lang='lat' dir='ltr'>in</span> <span class='ocrx_word' id='word_1_121' title='bbox 511 806 669 847; x_wconf 86' lang='lat' dir='ltr'>principio</span> <span class='ocrx_word' id='word_1_122' title='bbox 693 806 765 838; x_wconf 86' lang='lat' dir='ltr'>bene</span> <span class='ocrx_word' id='word_1_123' title='bbox 787 807 890 838; x_wconf 84' lang='lat' dir='ltr'>tacuit.</span> <span class='ocrx_word' id='word_1_124' title='bbox 917 807 954 838; x_wconf 88' lang='lat' dir='ltr'>de</span> <span class='ocrx_word' id='word_1_125' title='bbox 976 806 1083 838; x_wconf 78' lang='lat' dir='ltr'>Aceste</span> <span class='ocrx_word' id='word_1_126' title='bbox 1105 808 1208 837; x_wconf 83' lang='lat' dir='ltr'>autem</span> <span class='ocrx_word' id='word_1_127' title='bbox 1229 806 1339 846; x_wconf 83' lang='lat' dir='ltr'>fabula</span> <span class='ocrx_word' id='word_1_128' title='bbox 1362 806 1443 838; x_wconf 82' lang='lat' dir='ltr'>talis.</span> 
     </span>
     <span class='ocr_line' id='line_1_15' title="bbox 159 859 1444 900; baseline 0.001 -10"><span class='ocrx_word' id='word_1_129' title='bbox 159 869 228 890; x_wconf 83' lang='lat' dir='ltr'>cum</span> <span class='ocrx_word' id='word_1_130' title='bbox 258 859 434 890; x_wconf 83' lang='lat' dir='ltr'>Laomedon</span> <span class='ocrx_word' id='word_1_131' title='bbox 458 860 649 899; x_wconf 87' lang='lat' dir='ltr'>promissam</span> <span class='ocrx_word' id='word_1_132' title='bbox 678 870 839 892; x_wconf 88' lang='lat' dir='ltr'>murorum</span> <span class='ocrx_word' id='word_1_133' title='bbox 871 861 1035 892; x_wconf 78' lang='lat' dir='ltr'>mercedem</span> <span class='ocrx_word' id='word_1_134' title='bbox 1065 860 1208 900; x_wconf 88' lang='lat' dir='ltr'>Neptuno</span> <span class='ocrx_word' id='word_1_135' title='bbox 1240 862 1268 891; x_wconf 89' lang='lat' dir='ltr'>et</span> <span class='ocrx_word' id='word_1_136' title='bbox 1300 859 1444 900; x_wconf 75' lang='lat' dir='ltr'>Apollini</span> 
     </span>
     <span class='ocr_line' id='line_1_16' title="bbox 159 913 1444 954; baseline 0.001 -10"><span class='ocrx_word' id='word_1_137' title='bbox 159 913 343 954; x_wconf 79' lang='lat' dir='ltr'>deneyasset,</span> <span class='ocrx_word' id='word_1_138' title='bbox 366 913 530 953; x_wconf 75' lang='lat' dir='ltr'>Neptunus</span> <span class='ocrx_word' id='word_1_139' title='bbox 553 914 655 946; x_wconf 85' lang='lat' dir='ltr'>iratus</span> <span class='ocrx_word' id='word_1_140' title='bbox 675 914 786 945; x_wconf 82' lang='lat' dir='ltr'>Troiae</span> <span class='ocrx_word' id='word_1_141' title='bbox 804 914 927 946; x_wconf 85' lang='lat' dir='ltr'>inmisit</span> <span class='ocrx_word' id='word_1_142' title='bbox 947 916 1025 946; x_wconf 87' lang='lat' dir='ltr'>cetos</span> <span class='ocrx_word' id='word_1_143' title='bbox 1040 924 1100 954; x_wconf 85' lang='lat' dir='ltr'>per</span> <span class='ocrx_word' id='word_1_144' title='bbox 1122 913 1203 953; x_wconf 81' lang='lat' dir='ltr'>quod</span> <span class='ocrx_word' id='word_1_145' title='bbox 1219 913 1322 945; x_wconf 77' lang='lat' dir='ltr'>vieina</span> <span class='ocrx_word' id='word_1_146' title='bbox 1345 913 1444 945; x_wconf 78' lang='lat' dir='ltr'>litoris</span> 
     </span>
     <span class='ocr_line' id='line_1_17' title="bbox 156 967 1442 1008; baseline 0.001 -11"><span class='ocrx_word' id='word_1_147' title='bbox 156 968 361 998; x_wconf 78' lang='lat' dir='ltr'>vastarentur.</span> <span class='ocrx_word' id='word_1_148' title='bbox 407 967 488 998; x_wconf 87' lang='lat' dir='ltr'>unde</span> <span class='ocrx_word' id='word_1_149' title='bbox 510 967 622 1007; x_wconf 79' lang='lat' dir='ltr'>Apollo</span> <span class='ocrx_word' id='word_1_150' title='bbox 646 967 814 1008; x_wconf 80' lang='lat' dir='ltr'>consultus,</span> <span class='ocrx_word' id='word_1_151' title='bbox 837 977 905 999; x_wconf 83' lang='lat' dir='ltr'>cum</span> <span class='ocrx_word' id='word_1_152' title='bbox 929 970 958 999; x_wconf 90' lang='lat' dir='ltr'>et</span> <span class='ocrx_word' id='word_1_153' title='bbox 980 968 1042 1008; x_wconf 89' lang='lat' dir='ltr'>ipse</span> <span class='ocrx_word' id='word_1_154' title='bbox 1065 968 1260 1008; x_wconf 76' lang='lat' dir='ltr'>irasceretur,</span> <span class='ocrx_word' id='word_1_155' title='bbox 1284 968 1442 999; x_wconf 87' lang='lat' dir='ltr'>contraria</span> 
     </span>
     <span class='ocr_line' id='line_1_18' title="bbox 157 1020 1444 1061; baseline 0.001 -10"><span class='ocrx_word' id='word_1_156' title='bbox 157 1020 314 1061; x_wconf 83' lang='lat' dir='ltr'>respondit</span> <span class='ocrx_word' id='word_1_157' title='bbox 344 1020 446 1051; x_wconf 78' lang='lat' dir='ltr'>dicens</span> <span class='ocrx_word' id='word_1_158' title='bbox 478 1020 650 1052; x_wconf 84' lang='lat' dir='ltr'>obiciendas</span> <span class='ocrx_word' id='word_1_159' title='bbox 682 1021 801 1061; x_wconf 80' lang='lat' dir='ltr'>puellas</span> <span class='ocrx_word' id='word_1_160' title='bbox 834 1021 947 1053; x_wconf 85' lang='lat' dir='ltr'>nobiles</span> <span class='ocrx_word' id='word_1_161' title='bbox 979 1021 1089 1053; x_wconf 83' lang='lat' dir='ltr'>beluae.</span> <span class='ocrx_word' id='word_1_162' title='bbox 1144 1021 1226 1061; x_wconf 80' lang='lat' dir='ltr'>quod</span> <span class='ocrx_word' id='word_1_163' title='bbox 1256 1031 1325 1052; x_wconf 90' lang='lat' dir='ltr'>cum</span> <span class='ocrx_word' id='word_1_164' title='bbox 1356 1031 1444 1061; x_wconf 81' lang='lat' dir='ltr'>saepe</span> 
     </span>
     <span class='ocr_line' id='line_1_19' title="bbox 156 1073 1444 1114; baseline 0 -9"><span class='ocrx_word' id='word_1_165' title='bbox 156 1074 242 1114; x_wconf 74' lang='lat' dir='ltr'>fieret</span> <span class='ocrx_word' id='word_1_166' title='bbox 267 1076 296 1105; x_wconf 89' lang='lat' dir='ltr'>et</span> <span class='ocrx_word' id='word_1_167' title='bbox 322 1073 540 1105; x_wconf 88' lang='lat' dir='ltr'>Laomedontis</span> <span class='ocrx_word' id='word_1_168' title='bbox 569 1074 710 1105; x_wconf 84' lang='lat' dir='ltr'>Hesiona</span> <span class='ocrx_word' id='word_1_169' title='bbox 745 1074 810 1105; x_wconf 84' lang='lat' dir='ltr'>iam</span> <span class='ocrx_word' id='word_1_170' title='bbox 840 1076 915 1106; x_wconf 85' lang='lat' dir='ltr'>esset</span> <span class='ocrx_word' id='word_1_171' title='bbox 944 1075 987 1105; x_wconf 88' lang='lat' dir='ltr'>ad</span> <span class='ocrx_word' id='word_1_172' title='bbox 1014 1074 1172 1114; x_wconf 81' lang='lat' dir='ltr'>scopulum</span> <span class='ocrx_word' id='word_1_173' title='bbox 1202 1076 1270 1105; x_wconf 90' lang='lat' dir='ltr'>orta</span> <span class='ocrx_word' id='word_1_174' title='bbox 1299 1075 1444 1106; x_wconf 82' lang='lat' dir='ltr'>seditione</span> 
     </span>
     <span class='ocr_line' id='line_1_20' title="bbox 158 1127 1444 1168; baseline 0.001 -10"><span class='ocrx_word' id='word_1_175' title='bbox 158 1127 303 1168; x_wconf 73' lang='lat' dir='ltr'>reliyata,</span> <span class='ocrx_word' id='word_1_176' title='bbox 326 1137 389 1158; x_wconf 90' lang='lat' dir='ltr'>non</span> <span class='ocrx_word' id='word_1_177' title='bbox 411 1127 493 1159; x_wconf 87' lang='lat' dir='ltr'>nulli</span> <span class='ocrx_word' id='word_1_178' title='bbox 514 1130 659 1167; x_wconf 84' lang='lat' dir='ltr'>parentes</span> <span class='ocrx_word' id='word_1_179' title='bbox 681 1138 807 1168; x_wconf 69' lang='lat' dir='ltr'>pereyre</span> <span class='ocrx_word' id='word_1_180' title='bbox 834 1128 953 1159; x_wconf 86' lang='lat' dir='ltr'>mittere</span> <span class='ocrx_word' id='word_1_181' title='bbox 980 1128 1064 1168; x_wconf 68' lang='lat' dir='ltr'>filias</span> <span class='ocrx_word' id='word_1_182' title='bbox 1091 1138 1185 1168; x_wconf 75' lang='lat' dir='ltr'>quam</span> <span class='ocrx_word' id='word_1_183' title='bbox 1213 1127 1296 1159; x_wconf 87' lang='lat' dir='ltr'>domi</span> <span class='ocrx_word' id='word_1_184' title='bbox 1317 1129 1444 1168; x_wconf 78' lang='lat' dir='ltr'>perdere</span> 
     </span>
     <span class='ocr_line' id='line_1_21' title="bbox 158 1180 1444 1221; baseline 0.002 -10"><span class='ocrx_word' id='word_1_185' title='bbox 158 1180 351 1218; x_wconf 86' lang='lat' dir='ltr'>maluerunt;</span> <span class='ocrx_word' id='word_1_186' title='bbox 375 1190 450 1211; x_wconf 87' lang='lat' dir='ltr'>nam</span> <span class='ocrx_word' id='word_1_187' title='bbox 474 1181 533 1212; x_wconf 83' lang='lat' dir='ltr'>alii</span> <span class='ocrx_word' id='word_1_188' title='bbox 555 1180 724 1212; x_wconf 66' lang='lat' dir='ltr'>avellendus</span> <span class='ocrx_word' id='word_1_189' title='bbox 747 1181 967 1212; x_wconf 77' lang='lat' dir='ltr'>mercatoribus</span> <span class='ocrx_word' id='word_1_190' title='bbox 991 1181 1191 1213; x_wconf 82' lang='lat' dir='ltr'>tradiderunt.</span> <span class='ocrx_word' id='word_1_191' title='bbox 1232 1182 1340 1213; x_wconf 83' lang='lat' dir='ltr'>timens</span> <span class='ocrx_word' id='word_1_192' title='bbox 1363 1181 1444 1221; x_wconf 85' lang='lat' dir='ltr'>Hip-</span> 
     </span>
     <span class='ocr_line' id='line_1_22' title="bbox 153 1233 1444 1275; baseline 0.001 -10"><span class='ocrx_word' id='word_1_193' title='bbox 153 1236 239 1274; x_wconf 84' lang='lat' dir='ltr'>potes</span> <span class='ocrx_word' id='word_1_194' title='bbox 267 1233 343 1273; x_wconf 83' lang='lat' dir='ltr'>†vel</span> <span class='ocrx_word' id='word_1_195' title='bbox 371 1233 555 1273; x_wconf 84' lang='lat' dir='ltr'>ipsostratus</span> <span class='ocrx_word' id='word_1_196' title='bbox 582 1234 684 1274; x_wconf 74' lang='lat' dir='ltr'>filiam</span> <span class='ocrx_word' id='word_1_197' title='bbox 707 1234 854 1275; x_wconf 74' lang='lat' dir='ltr'>Eyestam</span> <span class='ocrx_word' id='word_1_198' title='bbox 887 1234 1156 1274; x_wconf 78' lang='lat' dir='ltr'>inpositam‘navi</span> <span class='ocrx_word' id='word_1_199' title='bbox 1184 1235 1270 1266; x_wconf 85' lang='lat' dir='ltr'>misit</span> <span class='ocrx_word' id='word_1_200' title='bbox 1296 1244 1354 1274; x_wconf 78' lang='lat' dir='ltr'>quo</span> <span class='ocrx_word' id='word_1_201' title='bbox 1377 1234 1444 1274; x_wconf 82' lang='lat' dir='ltr'>fors</span> 
     </span>
     <span class='ocr_line' id='line_1_23' title="bbox 159 1286 1444 1329; baseline 0 -10"><span class='ocrx_word' id='word_1_202' title='bbox 159 1287 284 1319; x_wconf 79' lang='lat' dir='ltr'>tulisset.</span> <span class='ocrx_word' id='word_1_203' title='bbox 330 1286 403 1318; x_wconf 83' lang='lat' dir='ltr'>haee</span> <span class='ocrx_word' id='word_1_204' title='bbox 426 1287 469 1318; x_wconf 76' lang='lat' dir='ltr'>acl</span> <span class='ocrx_word' id='word_1_205' title='bbox 490 1286 633 1318; x_wconf 84' lang='lat' dir='ltr'>Siciliam</span> <span class='ocrx_word' id='word_1_206' title='bbox 661 1287 757 1318; x_wconf 86' lang='lat' dir='ltr'>ventis</span> <span class='ocrx_word' id='word_1_207' title='bbox 784 1288 884 1319; x_wconf 87' lang='lat' dir='ltr'>delata</span> <span class='ocrx_word' id='word_1_208' title='bbox 913 1297 933 1318; x_wconf 90' lang='lat' dir='ltr'>a</span> <span class='ocrx_word' id='word_1_209' title='bbox 957 1286 1105 1319; x_wconf 81' lang='lat' dir='ltr'>Crimisso</span> <span class='ocrx_word' id='word_1_210' title='bbox 1127 1288 1235 1329; x_wconf 82' lang='lat' dir='ltr'>fluvio,</span> <span class='ocrx_word' id='word_1_211' title='bbox 1264 1298 1352 1328; x_wconf 77' lang='lat' dir='ltr'>quem</span> <span class='ocrx_word' id='word_1_212' title='bbox 1376 1286 1444 1319; x_wconf 83' lang='lat' dir='ltr'>Cri-</span> 
     </span>
     <span class='ocr_line' id='line_1_24' title="bbox 159 1340 1444 1383; baseline -0.001 -10"><span class='ocrx_word' id='word_1_213' title='bbox 159 1341 264 1373; x_wconf 80' lang='lat' dir='ltr'>nisum</span> <span class='ocrx_word' id='word_1_214' title='bbox 294 1340 447 1381; x_wconf 75' lang='lat' dir='ltr'>Veryilius</span> <span class='ocrx_word' id='word_1_215' title='bbox 464 1341 586 1383; x_wconf 81' lang='lat' dir='ltr'>poetica</span> <span class='ocrx_word' id='word_1_216' title='bbox 610 1341 733 1372; x_wconf 83' lang='lat' dir='ltr'>lieentia</span> <span class='ocrx_word' id='word_1_217' title='bbox 757 1343 854 1379; x_wconf 85' lang='lat' dir='ltr'>vocat,</span> <span class='ocrx_word' id='word_1_218' title='bbox 884 1351 1024 1373; x_wconf 86' lang='lat' dir='ltr'>converso</span> <span class='ocrx_word' id='word_1_219' title='bbox 1048 1342 1082 1372; x_wconf 91' lang='lat' dir='ltr'>in</span> <span class='ocrx_word' id='word_1_220' title='bbox 1105 1351 1227 1382; x_wconf 87' lang='lat' dir='ltr'>ursum,</span> <span class='ocrx_word' id='word_1_221' title='bbox 1250 1341 1295 1373; x_wconf 84' lang='lat' dir='ltr'>vel</span> <span class='ocrx_word' id='word_1_222' title='bbox 1317 1343 1354 1372; x_wconf 89' lang='lat' dir='ltr'>ut</span> <span class='ocrx_word' id='word_1_223' title='bbox 1379 1341 1444 1381; x_wconf 79' lang='lat' dir='ltr'>qui-</span> 
     </span>
     <span class='ocr_line' id='line_1_25' title="bbox 159 1394 1445 1436; baseline 0.001 -11"><span class='ocrx_word' id='word_1_224' title='bbox 159 1395 233 1426; x_wconf 88' lang='lat' dir='ltr'>dam</span> <span class='ocrx_word' id='word_1_225' title='bbox 252 1394 358 1426; x_wconf 88' lang='lat' dir='ltr'>volunt</span> <span class='ocrx_word' id='word_1_226' title='bbox 375 1394 409 1425; x_wconf 86' lang='lat' dir='ltr'>in</span> <span class='ocrx_word' id='word_1_227' title='bbox 423 1405 542 1436; x_wconf 78' lang='lat' dir='ltr'>canem,</span> <span class='ocrx_word' id='word_1_228' title='bbox 562 1404 723 1435; x_wconf 88' lang='lat' dir='ltr'>conpressa</span> <span class='ocrx_word' id='word_1_229' title='bbox 744 1395 841 1426; x_wconf 85' lang='lat' dir='ltr'>edidit</span> <span class='ocrx_word' id='word_1_230' title='bbox 852 1395 1014 1436; x_wconf 74' lang='lat' dir='ltr'>Eyestum,</span> <span class='ocrx_word' id='word_1_231' title='bbox 1033 1405 1121 1435; x_wconf 81' lang='lat' dir='ltr'>quem</span> <span class='ocrx_word' id='word_1_232' title='bbox 1142 1395 1294 1435; x_wconf 64' lang='lat' dir='ltr'>Vergilius</span> <span class='ocrx_word' id='word_1_233' title='bbox 1308 1394 1445 1426; x_wconf 88' lang='lat' dir='ltr'>Acestem</span> 
     </span>
     <span class='ocr_line' id='line_1_26' title="bbox 161 1448 1445 1489; baseline 0 -10"><span class='ocrx_word' id='word_1_234' title='bbox 161 1450 258 1486; x_wconf 87' lang='lat' dir='ltr'>vocat,</span> <span class='ocrx_word' id='word_1_235' title='bbox 281 1448 336 1488; x_wconf 80' lang='lat' dir='ltr'>qui</span> <span class='ocrx_word' id='word_1_236' title='bbox 359 1448 470 1479; x_wconf 88' lang='lat' dir='ltr'>matris</span> <span class='ocrx_word' id='word_1_237' title='bbox 493 1448 616 1479; x_wconf 89' lang='lat' dir='ltr'>nomine</span> <span class='ocrx_word' id='word_1_238' title='bbox 637 1448 789 1479; x_wconf 82' lang='lat' dir='ltr'>civitatem</span> <span class='ocrx_word' id='word_1_239' title='bbox 806 1448 952 1480; x_wconf 84' lang='lat' dir='ltr'>Troianis</span> <span class='ocrx_word' id='word_1_240' title='bbox 976 1448 1123 1489; x_wconf 78' lang='lat' dir='ltr'>condidit,</span> <span class='ocrx_word' id='word_1_241' title='bbox 1147 1458 1224 1488; x_wconf 77' lang='lat' dir='ltr'>quae</span> <span class='ocrx_word' id='word_1_242' title='bbox 1246 1450 1318 1479; x_wconf 88' lang='lat' dir='ltr'>ante</span> <span class='ocrx_word' id='word_1_243' title='bbox 1331 1448 1445 1489; x_wconf 75' lang='lat' dir='ltr'>Eyesta</span> 
     </span>
     <span class='ocr_line' id='line_1_27' title="bbox 163 1499 632 1541; baseline 0 -9"><span class='ocrx_word' id='word_1_244' title='bbox 163 1503 230 1541; x_wconf 84' lang='lat' dir='ltr'>post</span> <span class='ocrx_word' id='word_1_245' title='bbox 252 1499 375 1541; x_wconf 75' lang='lat' dir='ltr'>Seyesta</span> <span class='ocrx_word' id='word_1_246' title='bbox 398 1502 560 1533; x_wconf 81' lang='lat' dir='ltr'>nominata</span> <span class='ocrx_word' id='word_1_247' title='bbox 583 1503 632 1533; x_wconf 81' lang='lat' dir='ltr'>est.</span> 
     </span>
    </p>

    <p class='ocr_par' dir='ltr' id='par_1_4' title="bbox 160 1553 1446 1649">
     <span class='ocr_line' id='line_1_28' title="bbox 249 1553 1446 1597; baseline 0.002 -12"><span class='ocrx_word' id='word_1_248' title='bbox 249 1553 322 1585; x_wconf 83' lang='lat'>551.</span> <span class='ocrx_word' id='word_1_249' title='bbox 361 1563 569 1592; x_wconf 78' lang='lat' dir='ltr'>QVASSATAM</span> <span class='ocrx_word' id='word_1_250' title='bbox 592 1563 717 1586; x_wconf 81' lang='lat' dir='ltr'>VENTIS</span> <span class='ocrx_word' id='word_1_251' title='bbox 741 1556 882 1595; x_wconf 81' lang='lat' dir='ltr'>quamvis</span> <span class='ocrx_word' id='word_1_252' title='bbox 904 1556 946 1587; x_wconf 88' lang='lat' dir='ltr'>sit</span> <span class='ocrx_word' id='word_1_253' title='bbox 967 1555 1054 1587; x_wconf 84' lang='lat' dir='ltr'>iusta</span> <span class='ocrx_word' id='word_1_254' title='bbox 1077 1555 1206 1597; x_wconf 78' lang='lat' dir='ltr'>petitio,</span> <span class='ocrx_word' id='word_1_255' title='bbox 1230 1558 1332 1587; x_wconf 87' lang='lat' dir='ltr'>tamen</span> <span class='ocrx_word' id='word_1_256' title='bbox 1349 1566 1446 1596; x_wconf 84' lang='lat' dir='ltr'>prope</span> 
     </span>
     <span class='ocr_line' id='line_1_29' title="bbox 160 1608 1445 1649; baseline 0.002 -10"><span class='ocrx_word' id='word_1_257' title='bbox 160 1608 308 1640; x_wconf 83' lang='lat' dir='ltr'>invidiose</span> <span class='ocrx_word' id='word_1_258' title='bbox 331 1608 473 1649; x_wconf 84' lang='lat' dir='ltr'>ostendit,</span> <span class='ocrx_word' id='word_1_259' title='bbox 496 1618 590 1648; x_wconf 80' lang='lat' dir='ltr'>quam</span> <span class='ocrx_word' id='word_1_260' title='bbox 612 1608 655 1640; x_wconf 85' lang='lat' dir='ltr'>sit</span> <span class='ocrx_word' id='word_1_261' title='bbox 676 1618 724 1640; x_wconf 89' lang='lat' dir='ltr'>res</span> <span class='ocrx_word' id='word_1_262' title='bbox 747 1618 842 1648; x_wconf 81' lang='lat' dir='ltr'>quam</span> <span class='ocrx_word' id='word_1_263' title='bbox 859 1609 939 1649; x_wconf 88' lang='lat' dir='ltr'>petit</span> <span class='ocrx_word' id='word_1_264' title='bbox 965 1609 1084 1649; x_wconf 68' lang='lat' dir='ltr'>eximia.</span> <span class='ocrx_word' id='word_1_265' title='bbox 1176 1617 1382 1641; x_wconf 79' lang='lat' dir='ltr'>SVBDVCERE</span> <span class='ocrx_word' id='word_1_266' title='bbox 1411 1610 1445 1641; x_wconf 92' lang='lat' dir='ltr'>in</span> 
     </span>
    </p>
   </div>
   <div class='ocr_carea' id='block_1_4' title="bbox 164 1671 377 1674">
    <p class='ocr_par' dir='ltr' id='par_1_5' title="bbox 164 1671 377 1674">
     <span class='ocr_line' id='line_1_30' title="bbox 164 1671 377 1674; baseline 0 0"><span class='ocrx_word' id='word_1_267' title='bbox 164 1671 377 1674; x_wconf 95' lang='lat' dir='ltr'> </span> 
     </span>
    </p>
   </div>
   <div class='ocr_carea' id='block_1_5' title="bbox 162 1704 1445 1775">
    <p class='ocr_par' dir='ltr' id='par_1_6' title="bbox 162 1704 1445 1775">
     <span class='ocr_line' id='line_1_31' title="bbox 232 1704 1445 1739; baseline 0.001 -9"><span class='ocrx_word' id='word_1_268' title='bbox 232 1707 263 1730; x_wconf 78' lang='lat'>12</span> <span class='ocrx_word' id='word_1_269' title='bbox 289 1704 323 1731; x_wconf 88' lang='lat' dir='ltr'>de</span> <span class='ocrx_word' id='word_1_270' title='bbox 348 1704 449 1731; x_wconf 84' lang='lat' dir='ltr'>Aceste</span> <span class='ocrx_word' id='word_1_271' title='bbox 469 1705 562 1731; x_wconf 85' lang='lat' dir='ltr'>autem</span> <span class='ocrx_word' id='word_1_272' title='bbox 581 1713 604 1731; x_wconf 86' lang='lat' dir='ltr'>e.</span> <span class='ocrx_word' id='word_1_273' title='bbox 621 1714 646 1738; x_wconf 97' lang='lat' dir='ltr'>q.</span> <span class='ocrx_word' id='word_1_274' title='bbox 663 1705 695 1739; x_wconf 71' lang='lat' dir='ltr'>s]</span> <span class='ocrx_word' id='word_1_275' title='bbox 721 1704 754 1731; x_wconf 85' lang='lat' dir='ltr'>cf.</span> <span class='ocrx_word' id='word_1_276' title='bbox 780 1705 816 1732; x_wconf 81' lang='lat' dir='ltr'>ad</span> <span class='ocrx_word' id='word_1_277' title='bbox 839 1705 907 1731; x_wconf 87' lang='lat' dir='ltr'>Aen.</span> <span class='ocrx_word' id='word_1_278' title='bbox 926 1705 951 1731; x_wconf 87' lang='lat' dir='ltr'>V</span> <span class='ocrx_word' id='word_1_279' title='bbox 971 1708 1012 1732; x_wconf 90' lang='lat'>30.</span> <span class='ocrx_word' id='word_1_280' title='bbox 1047 1713 1133 1732; x_wconf 81' lang='lat' dir='ltr'>exser.</span> <span class='ocrx_word' id='word_1_281' title='bbox 1152 1705 1292 1739; x_wconf 84' lang='lat' dir='ltr'>mythogr.</span> <span class='ocrx_word' id='word_1_282' title='bbox 1313 1706 1325 1731; x_wconf 95' lang='lat' dir='ltr'>I</span> <span class='ocrx_word' id='word_1_283' title='bbox 1346 1708 1396 1732; x_wconf 82' lang='lat'>136</span> <span class='ocrx_word' id='word_1_284' title='bbox 1416 1705 1445 1731; x_wconf 84' lang='lat' dir='ltr'>et</span> 
     </span>
     <span class='ocr_line' id='line_1_32' title="bbox 162 1740 1354 1775; baseline 0.001 -9"><span class='ocrx_word' id='word_1_285' title='bbox 162 1743 221 1767; x_wconf 81' lang='lat'><strong>13⁷.</strong></span> <span class='ocrx_word' id='word_1_286' title='bbox 240 1740 336 1766; x_wconf 83' lang='lat'><strong>11&#39;193</strong></span> <span class='ocrx_word' id='word_1_287' title='bbox 360 1741 370 1774; x_wconf 85' lang='grc' dir='ltr'>ΙΙ</span> <span class='ocrx_word' id='word_1_288' title='bbox 393 1743 426 1767; x_wconf 80' lang='grc'>27</span> <span class='ocrx_word' id='word_1_289' title='bbox 447 1750 598 1767; x_wconf 66' lang='lat' dir='ltr'>svnnvcems</span> <span class='ocrx_word' id='word_1_290' title='bbox 619 1762 625 1768; x_wconf 93' lang='lat'>.</span> <span class='ocrx_word' id='word_1_291' title='bbox 642 1761 647 1766; x_wconf 95' lang='lat'>.</span> <span class='ocrx_word' id='word_1_292' title='bbox 664 1762 669 1767; x_wconf 92' lang='lat'><em>.</em></span> <span class='ocrx_word' id='word_1_293' title='bbox 690 1740 772 1775; x_wconf 85' lang='lat' dir='ltr'>socii]</span> <span class='ocrx_word' id='word_1_294' title='bbox 792 1740 919 1767; x_wconf 86' lang='lat' dir='ltr'>Servium</span> <span class='ocrx_word' id='word_1_295' title='bbox 939 1749 1025 1767; x_wconf 83' lang='lat' dir='ltr'>exser.</span> <span class='ocrx_word' id='word_1_296' title='bbox 1045 1740 1109 1767; x_wconf 72' lang='lat' dir='ltr'>lsid,</span> <span class='ocrx_word' id='word_1_297' title='bbox 1130 1740 1187 1767; x_wconf 84' lang='lat' dir='ltr'>diff.</span> <span class='ocrx_word' id='word_1_298' title='bbox 1206 1741 1281 1767; x_wconf 86' lang='lat' dir='ltr'>verb.</span> <span class='ocrx_word' id='word_1_299' title='bbox 1305 1743 1354 1767; x_wconf 84' lang='grc'>156</span> 
     </span>
    </p>
   </div>
   <div class='ocr_carea' id='block_1_6' title="bbox 161 1796 355 1799">
    <p class='ocr_par' dir='ltr' id='par_1_7' title="bbox 161 1796 355 1799">
     <span class='ocr_line' id='line_1_33' title="bbox 161 1796 355 1799; baseline 0 0"><span class='ocrx_word' id='word_1_300' title='bbox 161 1796 355 1799; x_wconf 95' lang='lat' dir='ltr'> </span> 
     </span>
    </p>
   </div>
   <div class='ocr_carea' id='block_1_7' title="bbox 160 1828 1447 2397">
    <p class='ocr_par' dir='ltr' id='par_1_8' title="bbox 160 1828 1447 2397">
     <span class='ocr_line' id='line_1_34' title="bbox 234 1828 1447 1864; baseline -0.001 -8"><span class='ocrx_word' id='word_1_301' title='bbox 234 1832 249 1855; x_wconf 84' lang='grc'><strong>2</strong></span> <span class='ocrx_word' id='word_1_302' title='bbox 269 1830 346 1856; x_wconf 83' lang='lat' dir='ltr'>cetos</span> <span class='ocrx_word' id='word_1_303' title='bbox 365 1829 405 1855; x_wconf 89' lang='lat' dir='ltr'>L:</span> <span class='ocrx_word' id='word_1_304' title='bbox 424 1830 518 1856; x_wconf 74' lang='lat' dir='ltr'>coetus</span> <span class='ocrx_word' id='word_1_305' title='bbox 537 1829 605 1854; x_wconf 86' lang='lat' dir='ltr'>BH</span> <span class='ocrx_word' id='word_1_306' title='bbox 620 1829 714 1855; x_wconf 86' lang='lat' dir='ltr'>caetos</span> <span class='ocrx_word' id='word_1_307' title='bbox 735 1829 772 1855; x_wconf 89' lang='lat' dir='ltr'><em>M</em></span> <span class='ocrx_word' id='word_1_308' title='bbox 792 1829 801 1863; x_wconf 84' lang='grc'>11</span> <span class='ocrx_word' id='word_1_309' title='bbox 824 1830 969 1856; x_wconf 80' lang='lat' dir='ltr'>uastarent</span> <span class='ocrx_word' id='word_1_310' title='bbox 988 1830 1039 1856; x_wconf 89' lang='lat' dir='ltr'>Ml</span> <span class='ocrx_word' id='word_1_311' title='bbox 1061 1830 1070 1864; x_wconf 89' lang='grc' dir='ltr'>ΙΙ</span> <span class='ocrx_word' id='word_1_312' title='bbox 1093 1833 1109 1856; x_wconf 90' lang='grc'><strong>3</strong></span> <span class='ocrx_word' id='word_1_313' title='bbox 1129 1829 1218 1863; x_wconf 84' lang='lat' dir='ltr'>magis</span> <span class='ocrx_word' id='word_1_314' title='bbox 1239 1828 1356 1855; x_wconf 81' lang='lat' dir='ltr'>aduersa</span> <span class='ocrx_word' id='word_1_315' title='bbox 1374 1829 1447 1856; x_wconf 83' lang='grc' dir='ltr'>ΒΜ</span> 
     </span>
     <span class='ocr_line' id='line_1_35' title="bbox 162 1864 1447 1899; baseline 0.001 -9"><span class='ocrx_word' id='word_1_316' title='bbox 162 1866 174 1890; x_wconf 79' lang='lat' dir='ltr'>t</span> <span class='ocrx_word' id='word_1_317' title='bbox 193 1864 332 1892; x_wconf 73' lang='lat' dir='ltr'>contraria,</span> <span class='ocrx_word' id='word_1_318' title='bbox 350 1873 482 1899; x_wconf 80' lang='lat' dir='ltr'>superscr</span> <span class='ocrx_word' id='word_1_319' title='bbox 500 1874 525 1891; x_wconf 89' lang='lat' dir='ltr'>m</span> <span class='ocrx_word' id='word_1_320' title='bbox 549 1865 558 1898; x_wconf 84' lang='grc' dir='ltr'>ΙΙ</span> <span class='ocrx_word' id='word_1_321' title='bbox 582 1868 597 1890; x_wconf 85' lang='grc'>4</span> <span class='ocrx_word' id='word_1_322' title='bbox 616 1864 746 1898; x_wconf 86' lang='lat' dir='ltr'>ippotens</span> <span class='ocrx_word' id='word_1_323' title='bbox 761 1864 786 1890; x_wconf 91' lang='lat' dir='ltr'><em>L</em></span> <span class='ocrx_word' id='word_1_324' title='bbox 805 1866 924 1899; x_wconf 82' lang='lat' dir='ltr'>yppotes</span> <span class='ocrx_word' id='word_1_325' title='bbox 939 1865 971 1890; x_wconf 89' lang='grc' dir='ltr'>ΙΙ</span> <span class='ocrx_word' id='word_1_326' title='bbox 992 1866 1001 1898; x_wconf 85' lang='grc' dir='ltr'>ΙΙ</span> <span class='ocrx_word' id='word_1_327' title='bbox 1024 1868 1039 1891; x_wconf 84' lang='grc'>5</span> <span class='ocrx_word' id='word_1_328' title='bbox 1059 1865 1174 1898; x_wconf 86' lang='lat' dir='ltr'>quidam</span> <span class='ocrx_word' id='word_1_329' title='bbox 1188 1864 1290 1891; x_wconf 85' lang='lat' dir='ltr'>nobilis</span> <span class='ocrx_word' id='word_1_330' title='bbox 1310 1873 1359 1891; x_wconf 87' lang='lat' dir='ltr'>om</span> <span class='ocrx_word' id='word_1_331' title='bbox 1374 1865 1447 1891; x_wconf 87' lang='grc' dir='ltr'>ΒΜ</span> 
     </span>
     <span class='ocr_line' id='line_1_36' title="bbox 161 1900 1444 1942; baseline -0.001 -15"><span class='ocrx_word' id='word_1_332' title='bbox 161 1902 253 1934; x_wconf 76' lang='lat' dir='ltr'>(pater</span> <span class='ocrx_word' id='word_1_333' title='bbox 271 1900 386 1942; x_wconf 83' lang='lat' dir='ltr'>quidam</span> <span class='ocrx_word' id='word_1_334' title='bbox 404 1900 507 1927; x_wconf 85' lang='lat' dir='ltr'>nobilis</span> <span class='ocrx_word' id='word_1_335' title='bbox 525 1908 658 1934; x_wconf 83' lang='lat' dir='ltr'>superscr.</span> <span class='ocrx_word' id='word_1_336' title='bbox 678 1902 714 1933; x_wconf 86' lang='lat' dir='ltr'>m)</span> <span class='ocrx_word' id='word_1_337' title='bbox 729 1901 738 1933; x_wconf 92' lang='grc' dir='ltr'>ΙΙ</span> <span class='ocrx_word' id='word_1_338' title='bbox 757 1901 868 1934; x_wconf 81' lang='lat' dir='ltr'>egestae</span> <span class='ocrx_word' id='word_1_339' title='bbox 888 1900 955 1926; x_wconf 88' lang='lat' dir='ltr'>LM</span> <span class='ocrx_word' id='word_1_340' title='bbox 974 1909 1027 1934; x_wconf 86' lang='lat' dir='ltr'>aeg</span> <span class='ocrx_word' id='word_1_341' title='bbox 1028 1901 1105 1927; x_wconf 84' lang='lat' dir='ltr'>estae</span> <span class='ocrx_word' id='word_1_342' title='bbox 1123 1901 1150 1926; x_wconf 88' lang='lat' dir='ltr'><em>B</em></span> <span class='ocrx_word' id='word_1_343' title='bbox 1170 1901 1266 1934; x_wconf 73' lang='lat' dir='ltr'>egeste</span> <span class='ocrx_word' id='word_1_344' title='bbox 1285 1900 1318 1926; x_wconf 87' lang='lat' dir='ltr'><em>H</em></span> <span class='ocrx_word' id='word_1_345' title='bbox 1328 1901 1338 1934; x_wconf 79' lang='grc' dir='ltr'>ΙΙ</span> <span class='ocrx_word' id='word_1_346' title='bbox 1353 1903 1367 1927; x_wconf 83' lang='grc'><strong>7</strong></span> <span class='ocrx_word' id='word_1_347' title='bbox 1388 1900 1444 1926; x_wconf 88' lang='lat' dir='ltr'>Cri-</span> 
     </span>
     <span class='ocr_line' id='line_1_37' title="bbox 162 1909 1446 1970; baseline 0 -7"><span class='ocrx_word' id='word_1_348' title='bbox 162 1936 246 1963; x_wconf 78' lang='lat' dir='ltr'>misso</span> <span class='ocrx_word' id='word_1_349' title='bbox 264 1936 364 1970; x_wconf 78' lang='lat' dir='ltr'>scripsi</span> <span class='ocrx_word' id='word_1_350' title='bbox 384 1936 571 1963; x_wconf 84' lang='lat' dir='ltr'>Casscllanum</span> <span class='ocrx_word' id='word_1_351' title='bbox 585 1938 706 1962; x_wconf 82' lang='lat' dir='ltr'>secutus:</span> <span class='ocrx_word' id='word_1_352' title='bbox 725 1935 826 1962; x_wconf 87' lang='lat' dir='ltr'>criniso</span> <span class='ocrx_word' id='word_1_353' title='bbox 845 1936 902 1961; x_wconf 77' lang='grc' dir='ltr'>Β]</span> <span class='ocrx_word' id='word_1_354' title='bbox 921 1909 1044 1969; x_wconf 77' lang='lat' dir='ltr'>(crinisgio</span> <span class='ocrx_word' id='word_1_355' title='bbox 1059 1937 1078 1969; x_wconf 91' lang='lat' dir='ltr'>l)</span> <span class='ocrx_word' id='word_1_356' title='bbox 1098 1935 1195 1962; x_wconf 86' lang='lat' dir='ltr'>crinno</span> <span class='ocrx_word' id='word_1_357' title='bbox 1210 1936 1243 1961; x_wconf 86' lang='grc' dir='ltr'>Η</span> <span class='ocrx_word' id='word_1_358' title='bbox 1254 1937 1336 1969; x_wconf 74' lang='lat' dir='ltr'>(quod</span> <span class='ocrx_word' id='word_1_359' title='bbox 1350 1936 1446 1969; x_wconf 82' lang='lat' dir='ltr'>prima</span> 
     </span>
     <span class='ocr_line' id='line_1_38' title="bbox 162 1971 1445 2012; baseline 0 -14"><span class='ocrx_word' id='word_1_360' title='bbox 162 1974 194 1998; x_wconf 80' lang='lat' dir='ltr'>ut</span> <span class='ocrx_word' id='word_1_361' title='bbox 212 1972 320 1999; x_wconf 80' lang='lat' dir='ltr'>videtur</span> <span class='ocrx_word' id='word_1_362' title='bbox 338 1980 438 1998; x_wconf 83' lang='lat' dir='ltr'>manus</span> <span class='ocrx_word' id='word_1_363' title='bbox 452 1980 574 2012; x_wconf 47' lang='lat' dir='ltr'>primum</span> <span class='ocrx_word' id='word_1_364' title='bbox 598 1972 629 1997; x_wconf 85' lang='lat' dir='ltr'>z&#39;n</span> <span class='ocrx_word' id='word_1_365' title='bbox 648 1971 749 1997; x_wconf 83' lang='lat' dir='ltr'>crisino</span> <span class='ocrx_word' id='word_1_366' title='bbox 769 1973 826 1997; x_wconf 82' lang='lat' dir='ltr'>tum</span> <span class='ocrx_word' id='word_1_367' title='bbox 850 1980 881 1997; x_wconf 78' lang='lat' dir='ltr'>zn</span> <span class='ocrx_word' id='word_1_368' title='bbox 904 1971 1006 1998; x_wconf 85' lang='lat' dir='ltr'>criniso</span> <span class='ocrx_word' id='word_1_369' title='bbox 1025 1972 1152 2005; x_wconf 78' lang='lat' dir='ltr'>mutavit)</span> <span class='ocrx_word' id='word_1_370' title='bbox 1173 1971 1282 1998; x_wconf 81' lang='lat' dir='ltr'>erinoso</span> <span class='ocrx_word' id='word_1_371' title='bbox 1303 1972 1340 1997; x_wconf 90' lang='lat' dir='ltr'><em>M</em></span> <span class='ocrx_word' id='word_1_372' title='bbox 1361 1972 1370 2005; x_wconf 93' lang='grc' dir='ltr'>ΙΙ</span> <span class='ocrx_word' id='word_1_373' title='bbox 1394 1972 1445 1998; x_wconf 83' lang='lat' dir='ltr'>ori-</span> 
     </span>
     <span class='ocr_line' id='line_1_39' title="bbox 162 2006 1445 2040; baseline -0.001 -6"><span class='ocrx_word' id='word_1_374' title='bbox 162 2007 254 2034; x_wconf 82' lang='lat' dir='ltr'>nisum</span> <span class='ocrx_word' id='word_1_375' title='bbox 277 2007 344 2034; x_wconf 88' lang='grc' dir='ltr'>ΒΗ</span> <span class='ocrx_word' id='word_1_376' title='bbox 349 2008 398 2034; x_wconf 91' lang='grc' dir='ltr'><em>Μ</em></span> <span class='ocrx_word' id='word_1_377' title='bbox 422 2007 552 2034; x_wconf 79' lang='lat' dir='ltr'>crinisum</span> <span class='ocrx_word' id='word_1_378' title='bbox 577 2016 609 2033; x_wconf 68' lang='lat' dir='ltr'>cz</span> <span class='ocrx_word' id='word_1_379' title='bbox 633 2006 771 2033; x_wconf 84' lang='lat' dir='ltr'>crenisum</span> <span class='ocrx_word' id='word_1_380' title='bbox 790 2007 816 2032; x_wconf 87' lang='lat' dir='ltr'><em>L</em></span> <span class='ocrx_word' id='word_1_381' title='bbox 838 2008 847 2040; x_wconf 80' lang='lat' dir='ltr'>ss</span> <span class='ocrx_word' id='word_1_382' title='bbox 871 2010 885 2033; x_wconf 82' lang='grc'><strong>9</strong></span> <span class='ocrx_word' id='word_1_383' title='bbox 911 2006 1035 2033; x_wconf 86' lang='lat' dir='ltr'>condidit</span> <span class='ocrx_word' id='word_1_384' title='bbox 1058 2006 1203 2034; x_wconf 76' lang='lat' dir='ltr'>ciuitatem</span> <span class='ocrx_word' id='word_1_385' title='bbox 1222 2007 1293 2032; x_wconf 86' lang='grc' dir='ltr'>ΒΜ</span> <span class='ocrx_word' id='word_1_386' title='bbox 1314 2007 1445 2040; x_wconf 83' lang='lat' dir='ltr'>&lt;troianis</span> 
     </span>
     <span class='ocr_line' id='line_1_40' title="bbox 160 2042 1445 2078; baseline -0.001 -8"><span class='ocrx_word' id='word_1_387' title='bbox 160 2051 236 2077; x_wconf 69' lang='lat' dir='ltr'>supr.</span> <span class='ocrx_word' id='word_1_388' title='bbox 255 2051 322 2070; x_wconf 84' lang='lat' dir='ltr'>vers.</span> <span class='ocrx_word' id='word_1_389' title='bbox 342 2044 406 2070; x_wconf 81' lang='lat' dir='ltr'>add.</span> <span class='ocrx_word' id='word_1_390' title='bbox 426 2044 463 2077; x_wconf 88' lang='lat' dir='ltr'>m)</span> <span class='ocrx_word' id='word_1_391' title='bbox 486 2045 495 2077; x_wconf 80' lang='lat' dir='ltr'>ss</span> <span class='ocrx_word' id='word_1_392' title='bbox 520 2046 551 2069; x_wconf 82' lang='lat'>13</span> <span class='ocrx_word' id='word_1_393' title='bbox 572 2042 702 2069; x_wconf 82' lang='lat' dir='ltr'>laomedo</span> <span class='ocrx_word' id='word_1_394' title='bbox 723 2043 745 2068; x_wconf 80' lang='grc' dir='ltr'><em>Ο</em></span> <span class='ocrx_word' id='word_1_395' title='bbox 763 2044 844 2075; x_wconf 85' lang='lat' dir='ltr'>(corr.</span> <span class='ocrx_word' id='word_1_396' title='bbox 866 2043 911 2075; x_wconf 54' lang='grc' dir='ltr'>ΟΖ)</span> <span class='ocrx_word' id='word_1_397' title='bbox 935 2043 944 2075; x_wconf 82' lang='grc' dir='ltr'>ΙΙ</span> <span class='ocrx_word' id='word_1_398' title='bbox 967 2042 1055 2078; x_wconf 86' lang='lat' dir='ltr'>apolli</span> <span class='ocrx_word' id='word_1_399' title='bbox 1075 2043 1098 2069; x_wconf 84' lang='lat' dir='ltr'><strong><em>G</em></strong></span> <span class='ocrx_word' id='word_1_400' title='bbox 1115 2043 1195 2076; x_wconf 90' lang='lat' dir='ltr'>(eorr.</span> <span class='ocrx_word' id='word_1_401' title='bbox 1216 2043 1261 2076; x_wconf 78' lang='lat'>0²)</span> <span class='ocrx_word' id='word_1_402' title='bbox 1284 2043 1293 2076; x_wconf 86' lang='grc' dir='ltr'>ΙΙ</span> <span class='ocrx_word' id='word_1_403' title='bbox 1318 2046 1350 2069; x_wconf 88' lang='grc'>14</span> <span class='ocrx_word' id='word_1_404' title='bbox 1369 2042 1445 2069; x_wconf 84' lang='lat' dir='ltr'>dine—</span> 
     </span>
     <span class='ocr_line' id='line_1_41' title="bbox 161 2077 1446 2113; baseline -0.001 -8"><span class='ocrx_word' id='word_1_405' title='bbox 161 2079 258 2113; x_wconf 78' lang='lat' dir='ltr'>gasset</span> <span class='ocrx_word' id='word_1_406' title='bbox 277 2079 300 2105; x_wconf 82' lang='lat' dir='ltr'><em>O</em></span> <span class='ocrx_word' id='word_1_407' title='bbox 320 2079 330 2112; x_wconf 82' lang='grc' dir='ltr'>ΙΙ</span> <span class='ocrx_word' id='word_1_408' title='bbox 354 2079 443 2113; x_wconf 84' lang='lat' dir='ltr'>cetos]</span> <span class='ocrx_word' id='word_1_409' title='bbox 465 2087 512 2105; x_wconf 86' lang='lat' dir='ltr'>eos</span> <span class='ocrx_word' id='word_1_410' title='bbox 533 2079 555 2105; x_wconf 80' lang='lat' dir='ltr'>C</span> <span class='ocrx_word' id='word_1_411' title='bbox 572 2078 653 2104; x_wconf 79' lang='lat' dir='ltr'>ethos</span> <span class='ocrx_word' id='word_1_412' title='bbox 675 2078 702 2103; x_wconf 73' lang='lat'>1²</span> <span class='ocrx_word' id='word_1_413' title='bbox 722 2079 732 2111; x_wconf 76' lang='lat' dir='ltr'>ss</span> <span class='ocrx_word' id='word_1_414' title='bbox 755 2086 804 2111; x_wconf 88' lang='lat' dir='ltr'>per</span> <span class='ocrx_word' id='word_1_415' title='bbox 827 2085 910 2111; x_wconf 89' lang='lat' dir='ltr'>quem</span> <span class='ocrx_word' id='word_1_416' title='bbox 930 2077 986 2104; x_wconf 74' lang='lat' dir='ltr'>GP</span> <span class='ocrx_word' id='word_1_417' title='bbox 1007 2079 1016 2112; x_wconf 84' lang='grc' dir='ltr'>ΙΙ</span> <span class='ocrx_word' id='word_1_418' title='bbox 1038 2077 1105 2105; x_wconf 76' lang='lat' dir='ltr'>uina</span> <span class='ocrx_word' id='word_1_419' title='bbox 1130 2078 1158 2104; x_wconf 92' lang='lat' dir='ltr'><strong><em>P</em></strong></span> <span class='ocrx_word' id='word_1_420' title='bbox 1178 2079 1187 2112; x_wconf 91' lang='grc' dir='ltr'>ΙΙ</span> <span class='ocrx_word' id='word_1_421' title='bbox 1211 2080 1243 2104; x_wconf 90' lang='lat'>15</span> <span class='ocrx_word' id='word_1_422' title='bbox 1263 2078 1446 2105; x_wconf 76' lang='lat' dir='ltr'>uastabantur</span> 
     </span>
     <span class='ocr_line' id='line_1_42' title="bbox 162 2113 1446 2148; baseline -0.001 -7"><span class='ocrx_word' id='word_1_423' title='bbox 162 2113 219 2141; x_wconf 80' lang='lat' dir='ltr'>GP</span> <span class='ocrx_word' id='word_1_424' title='bbox 236 2115 394 2141; x_wconf 74' lang='lat' dir='ltr'>uastarekur</span> <span class='ocrx_word' id='word_1_425' title='bbox 414 2114 449 2141; x_wconf 77' lang='lat'>0²</span> <span class='ocrx_word' id='word_1_426' title='bbox 472 2115 481 2148; x_wconf 83' lang='grc' dir='ltr'>ΙΙ</span> <span class='ocrx_word' id='word_1_427' title='bbox 506 2117 536 2140; x_wconf 86' lang='grc'>17</span> <span class='ocrx_word' id='word_1_428' title='bbox 563 2113 658 2140; x_wconf 80' lang='lat' dir='ltr'>esiona</span> <span class='ocrx_word' id='word_1_429' title='bbox 677 2113 700 2140; x_wconf 80' lang='lat' dir='ltr'><em>G</em></span> <span class='ocrx_word' id='word_1_430' title='bbox 720 2114 730 2146; x_wconf 75' lang='lat' dir='ltr'>ss</span> <span class='ocrx_word' id='word_1_431' title='bbox 755 2116 786 2139; x_wconf 84' lang='lat'>18</span> <span class='ocrx_word' id='word_1_432' title='bbox 811 2113 936 2147; x_wconf 75' lang='lat' dir='ltr'>relegata</span> <span class='ocrx_word' id='word_1_433' title='bbox 956 2113 979 2139; x_wconf 84' lang='lat' dir='ltr'><strong><em>G</em></strong></span> <span class='ocrx_word' id='word_1_434' title='bbox 999 2114 1009 2147; x_wconf 81' lang='grc' dir='ltr'>ΙΙ</span> <span class='ocrx_word' id='word_1_435' title='bbox 1032 2122 1101 2147; x_wconf 83' lang='lat' dir='ltr'>quas</span> <span class='ocrx_word' id='word_1_436' title='bbox 1122 2113 1145 2140; x_wconf 84' lang='lat' dir='ltr'><em>O</em></span> <span class='ocrx_word' id='word_1_437' title='bbox 1166 2114 1244 2147; x_wconf 82' lang='lat' dir='ltr'>(corr.</span> <span class='ocrx_word' id='word_1_438' title='bbox 1264 2122 1336 2140; x_wconf 78' lang='lat' dir='ltr'>mam.</span> <span class='ocrx_word' id='word_1_439' title='bbox 1357 2115 1418 2147; x_wconf 84' lang='lat' dir='ltr'>ree.)</span> <span class='ocrx_word' id='word_1_440' title='bbox 1437 2114 1446 2147; x_wconf 70' lang='grc'>41</span> 
     </span>
     <span class='ocr_line' id='line_1_43' title="bbox 163 2149 1445 2184; baseline -0.001 -8"><span class='ocrx_word' id='word_1_441' title='bbox 163 2152 195 2176; x_wconf 85' lang='grc'>19</span> <span class='ocrx_word' id='word_1_442' title='bbox 219 2150 359 2177; x_wconf 77' lang='lat' dir='ltr'>abeendas</span> <span class='ocrx_word' id='word_1_443' title='bbox 385 2150 407 2176; x_wconf 82' lang='lat' dir='ltr'><em>O</em></span> <span class='ocrx_word' id='word_1_444' title='bbox 429 2150 580 2184; x_wconf 79' lang='lat' dir='ltr'>(aveendas</span> <span class='ocrx_word' id='word_1_445' title='bbox 603 2158 676 2175; x_wconf 84' lang='lat' dir='ltr'>man.</span> <span class='ocrx_word' id='word_1_446' title='bbox 695 2150 757 2181; x_wconf 80' lang='lat' dir='ltr'>rec.)</span> <span class='ocrx_word' id='word_1_447' title='bbox 780 2150 789 2182; x_wconf 84' lang='lat' dir='ltr'>ss</span> <span class='ocrx_word' id='word_1_448' title='bbox 812 2149 941 2183; x_wconf 86' lang='lat' dir='ltr'>ippotens</span> <span class='ocrx_word' id='word_1_449' title='bbox 965 2149 988 2175; x_wconf 78' lang='lat'><strong><em>0</em></strong></span> <span class='ocrx_word' id='word_1_450' title='bbox 1009 2150 1018 2183; x_wconf 89' lang='grc' dir='ltr'>ΙΙ</span> <span class='ocrx_word' id='word_1_451' title='bbox 1041 2149 1109 2176; x_wconf 86' lang='lat' dir='ltr'>item</span> <span class='ocrx_word' id='word_1_452' title='bbox 1133 2149 1235 2176; x_wconf 81' lang='lat' dir='ltr'>timens</span> <span class='ocrx_word' id='word_1_453' title='bbox 1254 2149 1392 2184; x_wconf 81' lang='lat' dir='ltr'>Hippotes</span> <span class='ocrx_word' id='word_1_454' title='bbox 1411 2158 1445 2175; x_wconf 89' lang='lat' dir='ltr'>ne</span> 
     </span>
     <span class='ocr_line' id='line_1_44' title="bbox 161 2185 1444 2219; baseline -0.001 -7"><span class='ocrx_word' id='word_1_455' title='bbox 161 2185 221 2219; x_wconf 78' lang='lat' dir='ltr'>ipse</span> <span class='ocrx_word' id='word_1_456' title='bbox 240 2185 386 2212; x_wconf 82' lang='lat' dir='ltr'>orbaretur</span> <span class='ocrx_word' id='word_1_457' title='bbox 404 2186 473 2212; x_wconf 84' lang='lat' dir='ltr'>coni.</span> <span class='ocrx_word' id='word_1_458' title='bbox 494 2185 529 2211; x_wconf 89' lang='lat' dir='ltr'>F.</span> <span class='ocrx_word' id='word_1_459' title='bbox 550 2185 707 2212; x_wconf 76' lang='lat' dir='ltr'>Sehoellius.</span> <span class='ocrx_word' id='word_1_460' title='bbox 736 2185 852 2217; x_wconf 80' lang='lat' dir='ltr'>fortasse</span> <span class='ocrx_word' id='word_1_461' title='bbox 869 2185 889 2212; x_wconf 85' lang='lat' dir='ltr'>t.</span> <span class='ocrx_word' id='word_1_462' title='bbox 909 2185 942 2211; x_wconf 91' lang='lat' dir='ltr'>H.</span> <span class='ocrx_word' id='word_1_463' title='bbox 962 2185 1007 2211; x_wconf 84' lang='lat' dir='ltr'>vel</span> <span class='ocrx_word' id='word_1_464' title='bbox 1026 2185 1224 2219; x_wconf 81' lang='lat' dir='ltr'>Hippostratus</span> <span class='ocrx_word' id='word_1_465' title='bbox 1238 2186 1247 2219; x_wconf 86' lang='grc' dir='ltr'>ΙΙ</span> <span class='ocrx_word' id='word_1_466' title='bbox 1261 2185 1348 2211; x_wconf 81' lang='lat' dir='ltr'>filiam</span> <span class='ocrx_word' id='word_1_467' title='bbox 1367 2193 1444 2211; x_wconf 83' lang='lat' dir='ltr'>suam</span> 
     </span>
     <span class='ocr_line' id='line_1_45' title="bbox 164 2219 1446 2255; baseline 0 -9"><span class='ocrx_word' id='word_1_468' title='bbox 164 2220 192 2246; x_wconf 86' lang='lat' dir='ltr'><em>P</em></span> <span class='ocrx_word' id='word_1_469' title='bbox 211 2222 221 2254; x_wconf 72' lang='lat' dir='ltr'>fl</span> <span class='ocrx_word' id='word_1_470' title='bbox 244 2224 275 2247; x_wconf 84' lang='lat'>21</span> <span class='ocrx_word' id='word_1_471' title='bbox 297 2221 327 2247; x_wconf 82' lang='lat' dir='ltr'>et</span> <span class='ocrx_word' id='word_1_472' title='bbox 344 2222 414 2248; x_wconf 84' lang='lat' dir='ltr'>haec</span> <span class='ocrx_word' id='word_1_473' title='bbox 435 2221 458 2248; x_wconf 81' lang='lat' dir='ltr'><strong><em>G</em></strong></span> <span class='ocrx_word' id='word_1_474' title='bbox 476 2222 485 2255; x_wconf 79' lang='lat' dir='ltr'>ss</span> <span class='ocrx_word' id='word_1_475' title='bbox 508 2221 598 2248; x_wconf 83' lang='lat' dir='ltr'>ventis</span> <span class='ocrx_word' id='word_1_476' title='bbox 617 2221 729 2254; x_wconf 82' lang='lat' dir='ltr'>scripsi:</span> <span class='ocrx_word' id='word_1_477' title='bbox 747 2219 857 2246; x_wconf 89' lang='lat' dir='ltr'>uenerit</span> <span class='ocrx_word' id='word_1_478' title='bbox 876 2220 905 2254; x_wconf 83' lang='lat'>0,</span> <span class='ocrx_word' id='word_1_479' title='bbox 925 2229 974 2247; x_wconf 87' lang='lat' dir='ltr'>om</span> <span class='ocrx_word' id='word_1_480' title='bbox 997 2220 1024 2247; x_wconf 87' lang='lat' dir='ltr'><em>P</em></span> <span class='ocrx_word' id='word_1_481' title='bbox 1045 2221 1054 2255; x_wconf 87' lang='grc' dir='ltr'>ΙΙ</span> <span class='ocrx_word' id='word_1_482' title='bbox 1078 2220 1206 2247; x_wconf 82' lang='lat' dir='ltr'>eremisso</span> <span class='ocrx_word' id='word_1_483' title='bbox 1227 2221 1250 2247; x_wconf 76' lang='lat'><em>0</em></span> <span class='ocrx_word' id='word_1_484' title='bbox 1277 2220 1387 2247; x_wconf 79' lang='lat' dir='ltr'>crisimo</span> <span class='ocrx_word' id='word_1_485' title='bbox 1408 2220 1446 2246; x_wconf 75' lang='lat'>0³</span> 
     </span>
     <span class='ocr_line' id='line_1_46' title="bbox 162 2242 1444 2292; baseline 0 -10"><span class='ocrx_word' id='word_1_486' title='bbox 162 2255 272 2283; x_wconf 79' lang='lat' dir='ltr'>erimjso</span> <span class='ocrx_word' id='word_1_487' title='bbox 292 2257 319 2282; x_wconf 90' lang='lat' dir='ltr'><strong><em>P</em></strong></span> <span class='ocrx_word' id='word_1_488' title='bbox 338 2257 348 2290; x_wconf 94' lang='grc' dir='ltr'>ΙΙ</span> <span class='ocrx_word' id='word_1_489' title='bbox 372 2256 487 2284; x_wconf 82' lang='lat' dir='ltr'>crinisus</span> <span class='ocrx_word' id='word_1_490' title='bbox 507 2257 535 2282; x_wconf 87' lang='lat' dir='ltr'><em>P</em></span> <span class='ocrx_word' id='word_1_491' title='bbox 550 2258 560 2291; x_wconf 76' lang='grc' dir='ltr'>ΙΙ</span> <span class='ocrx_word' id='word_1_492' title='bbox 579 2259 612 2282; x_wconf 75' lang='lat'>22</span> <span class='ocrx_word' id='word_1_493' title='bbox 632 2264 726 2282; x_wconf 79' lang='lat' dir='ltr'>ursam</span> <span class='ocrx_word' id='word_1_494' title='bbox 747 2255 769 2282; x_wconf 83' lang='lat' dir='ltr'><em>G</em></span> <span class='ocrx_word' id='word_1_495' title='bbox 786 2264 879 2282; x_wconf 84' lang='lat' dir='ltr'>ursem</span> <span class='ocrx_word' id='word_1_496' title='bbox 899 2242 927 2282; x_wconf 91' lang='lat' dir='ltr'><em>P</em></span> <span class='ocrx_word' id='word_1_497' title='bbox 943 2256 952 2290; x_wconf 77' lang='grc' dir='ltr'>ΙΙ</span> <span class='ocrx_word' id='word_1_498' title='bbox 970 2256 1085 2283; x_wconf 85' lang='lat' dir='ltr'>vel..</span> <span class='ocrx_word' id='word_1_499' title='bbox 1106 2257 1215 2292; x_wconf 79' lang='lat' dir='ltr'>canem]</span> <span class='ocrx_word' id='word_1_500' title='bbox 1237 2257 1268 2282; x_wconf 86' lang='lat' dir='ltr'>ut</span> <span class='ocrx_word' id='word_1_501' title='bbox 1285 2256 1334 2282; x_wconf 86' lang='lat' dir='ltr'>alii</span> <span class='ocrx_word' id='word_1_502' title='bbox 1353 2256 1381 2281; x_wconf 88' lang='lat' dir='ltr'>in</span> <span class='ocrx_word' id='word_1_503' title='bbox 1401 2264 1444 2282; x_wconf 79' lang='lat' dir='ltr'>ca-</span> 
     </span>
     <span class='ocr_line' id='line_1_47' title="bbox 162 2291 1445 2361; baseline -0.001 -44"><span class='ocrx_word' id='word_1_504' title='bbox 162 2299 227 2318; x_wconf 86' lang='lat' dir='ltr'>nem</span> <span class='ocrx_word' id='word_1_505' title='bbox 246 2292 274 2317; x_wconf 88' lang='lat' dir='ltr'><em>P</em></span> <span class='ocrx_word' id='word_1_506' title='bbox 294 2293 304 2326; x_wconf 85' lang='grc' dir='ltr'>ΙΙ</span> <span class='ocrx_word' id='word_1_507' title='bbox 327 2295 360 2318; x_wconf 79' lang='lat'>25</span> <span class='ocrx_word' id='word_1_508' title='bbox 384 2293 525 2327; x_wconf 79' lang='lat' dir='ltr'>segestam</span> <span class='ocrx_word' id='word_1_509' title='bbox 549 2293 573 2319; x_wconf 78' lang='lat' dir='ltr'><em>G</em></span> <span class='ocrx_word' id='word_1_510' title='bbox 593 2293 603 2326; x_wconf 77' lang='lat' dir='ltr'>fl</span> <span class='ocrx_word' id='word_1_511' title='bbox 626 2295 659 2318; x_wconf 80' lang='lat'>26</span> <span class='ocrx_word' id='word_1_512' title='bbox 686 2292 723 2318; x_wconf 83' lang='lat' dir='ltr'>ad</span> <span class='ocrx_word' id='word_1_513' title='bbox 747 2300 770 2317; x_wconf 85' lang='lat' dir='ltr'><em>v</em></span> <span class='ocrx_word' id='word_1_514' title='bbox 791 2294 842 2317; x_wconf 90' lang='lat'>551</span> <span class='ocrx_word' id='word_1_515' title='bbox 863 2291 1034 2327; x_wconf 75' lang='lat' dir='ltr'>subducere]</span> <span class='ocrx_word' id='word_1_516' title='bbox 1053 2291 1083 2318; x_wconf 88' lang='lat' dir='ltr'>in</span> <span class='ocrx_word' id='word_1_517' title='bbox 1101 2293 1204 2319; x_wconf 81' lang='lat' dir='ltr'>terram</span> <span class='ocrx_word' id='word_1_518' title='bbox 1224 2313 1230 2318; x_wconf 91' lang='lat'><em>.</em></span> <span class='ocrx_word' id='word_1_519' title='bbox 1247 2314 1252 2319; x_wconf 88' lang='lat'><em>.</em></span> <span class='ocrx_word' id='word_1_520' title='bbox 1269 2313 1275 2319; x_wconf 87' lang='lat'>.</span> <span class='ocrx_word' id='word_1_521' title='bbox 1295 2291 1371 2317; x_wconf 85' lang='lat' dir='ltr'>socii.</span> <span class='ocrx_word' id='word_1_522' title='bbox 1393 2291 1420 2316; x_wconf 91' lang='lat' dir='ltr'><strong><em>P</em></strong></span> <span class='ocrx_word' id='word_1_523' title='bbox 1442 2291 1445 2361; x_wconf 73' lang='grc'>1</span> 
     </span>
     <span class='ocr_line' id='line_1_48' title="bbox 163 2326 1421 2362; baseline 0.001 -10"><span class='ocrx_word' id='word_1_524' title='bbox 163 2335 319 2356; x_wconf 63' lang='lat' dir='ltr'>QvAssATAu</span> <span class='ocrx_word' id='word_1_525' title='bbox 339 2349 344 2354; x_wconf 95' lang='lat'>.</span> <span class='ocrx_word' id='word_1_526' title='bbox 362 2349 366 2354; x_wconf 95' lang='lat'>.</span> <span class='ocrx_word' id='word_1_527' title='bbox 384 2349 389 2354; x_wconf 90' lang='lat'><em>.</em></span> <span class='ocrx_word' id='word_1_528' title='bbox 409 2328 509 2362; x_wconf 85' lang='lat' dir='ltr'>petitio</span> <span class='ocrx_word' id='word_1_529' title='bbox 529 2336 577 2354; x_wconf 89' lang='lat' dir='ltr'>om.</span> <span class='ocrx_word' id='word_1_530' title='bbox 598 2328 625 2353; x_wconf 90' lang='lat' dir='ltr'><strong><em>B</em></strong></span> <span class='ocrx_word' id='word_1_531' title='bbox 645 2328 658 2361; x_wconf 64' lang='lat' dir='ltr'>fl</span> <span class='ocrx_word' id='word_1_532' title='bbox 682 2335 845 2357; x_wconf 55' lang='lat' dir='ltr'>stsssuu</span> <span class='ocrx_word' id='word_1_533' title='bbox 855 2337 949 2354; x_wconf 69' lang='lat' dir='ltr'>vnn&#39;ns</span> <span class='ocrx_word' id='word_1_534' title='bbox 974 2337 1067 2354; x_wconf 65' lang='lat' dir='ltr'>mor-‚AT</span> <span class='ocrx_word' id='word_1_535' title='bbox 1093 2337 1244 2354; x_wconf 68' lang='lat' dir='ltr'>svnnvcnur</span> <span class='ocrx_word' id='word_1_536' title='bbox 1263 2336 1377 2353; x_wconf 61' lang='lat' dir='ltr'>emesam</span> <span class='ocrx_word' id='word_1_537' title='bbox 1398 2326 1421 2353; x_wconf 82' lang='lat' dir='ltr'><strong><em>G</em></strong></span> 
     </span>
     <span class='ocr_line' id='line_1_49' title="bbox 163 2361 937 2397; baseline 0.001 -9"><span class='ocrx_word' id='word_1_538' title='bbox 163 2361 211 2396; x_wconf 82' lang='lat' dir='ltr'>sit]</span> <span class='ocrx_word' id='word_1_539' title='bbox 232 2363 304 2389; x_wconf 86' lang='lat' dir='ltr'>sicut</span> <span class='ocrx_word' id='word_1_540' title='bbox 323 2363 346 2389; x_wconf 82' lang='lat' dir='ltr'><strong><em>C</em></strong></span> <span class='ocrx_word' id='word_1_541' title='bbox 367 2364 376 2397; x_wconf 83' lang='grc' dir='ltr'>Ι]</span> <span class='ocrx_word' id='word_1_542' title='bbox 399 2363 476 2397; x_wconf 90' lang='lat' dir='ltr'>petio</span> <span class='ocrx_word' id='word_1_543' title='bbox 495 2364 520 2389; x_wconf 93' lang='lat' dir='ltr'><em>L</em></span> <span class='ocrx_word' id='word_1_544' title='bbox 542 2365 552 2397; x_wconf 74' lang='lat' dir='ltr'>ss</span> <span class='ocrx_word' id='word_1_545' title='bbox 573 2366 605 2389; x_wconf 72' lang='lat'>27</span> <span class='ocrx_word' id='word_1_546' title='bbox 626 2363 779 2389; x_wconf 87' lang='lat' dir='ltr'>subducere</span> <span class='ocrx_word' id='word_1_547' title='bbox 798 2363 893 2389; x_wconf 85' lang='lat' dir='ltr'>autem</span> <span class='ocrx_word' id='word_1_548' title='bbox 914 2363 937 2389; x_wconf 85' lang='lat' dir='ltr'><em>G</em></span> 
     </span>
    </p>
   </div>
   <div class='ocr_carea' id='block_1_8' title="bbox 1436 2290 1439 2361">
    <p class='ocr_par' dir='ltr' id='par_1_9' title="bbox 1436 2290 1439 2361">
     <span class='ocr_line' id='line_1_50' title="bbox 1436 2290 1439 2361; baseline 0 323"><span class='ocrx_word' id='word_1_549' title='bbox 1436 2290 1439 2361; x_wconf 95' lang='lat' dir='ltr'> </span> 
     </span>
    </p>
   </div>
   <div class='ocr_carea' id='block_1_9' title="bbox 1463 705 1495 728">
    <p class='ocr_par' dir='ltr' id='par_1_10' title="bbox 1463 705 1495 728">
     <span class='ocr_line' id='line_1_51' title="bbox 1463 705 1495 728; baseline -0.031 0"><span class='ocrx_word' id='word_1_550' title='bbox 1463 705 1495 728; x_wconf 84' lang='lat'>10</span> 
     </span>
    </p>
   </div>
   <div class='ocr_carea' id='block_1_10' title="bbox 1463 972 1496 996">
    <p class='ocr_par' dir='ltr' id='par_1_11' title="bbox 1463 972 1496 996">
     <span class='ocr_line' id='line_1_52' title="bbox 1463 972 1496 996; baseline -0.03 0"><span class='ocrx_word' id='word_1_551' title='bbox 1463 972 1496 996; x_wconf 90' lang='lat'>15</span> 
     </span>
    </p>
   </div>
   <div class='ocr_carea' id='block_1_11' title="bbox 1463 1239 1497 1263">
    <p class='ocr_par' dir='ltr' id='par_1_12' title="bbox 1463 1239 1497 1263">
     <span class='ocr_line' id='line_1_53' title="bbox 1463 1239 1497 1263; baseline 0 0"><span class='ocrx_word' id='word_1_552' title='bbox 1463 1239 1497 1263; x_wconf 80' lang='lat'>20</span> 
     </span>
    </p>
   </div>
   <div class='ocr_carea' id='block_1_12' title="bbox 1464 1506 1497 1530">
    <p class='ocr_par' dir='ltr' id='par_1_13' title="bbox 1464 1506 1497 1530">
     <span class='ocr_line' id='line_1_54' title="bbox 1464 1506 1497 1530; baseline 0 0"><span class='ocrx_word' id='word_1_553' title='bbox 1464 1506 1497 1530; x_wconf 81' lang='lat'>25</span> 
     </span>
    </p>
   </div>
  </div>
 </body>
</html>
