1630 2684
475 140 588 167 COMM.
608 140 647 166 IN
666 139 774 167 VERG.
794 139 877 166 AEN.
898 140 916 167 Ι.
937 143 1087 167 599—607.
1358 139 1420 170 179

231 223 305 255 605.
335 230 462 254 ‘renam
493 221 638 261 adferant
668 222 714 253 vel
746 222 891 254 tribuant.
997 231 1089 259 QVAE
1125 231 1169 253 TE
1202 231 1274 253 TAM
1309 231 1424 253 LAETA

143 285 330 308 TVLERVNT
355 283 510 309 SAECVLA
538 274 618 306 alibi
647 275 730 306 nati
759 274 988 306 melioribus
1018 275 1142 316 annis3
1170 275 1309 307 felicitas
1339 276 1424 307 enim

142 330 325 371 temporum
349 340 386 360 ex
410 329 600 360 nascentum
623 328 748 360 meritis
773 328 1015 370 comprobatur,
1043 331 1078 360 ut
1099 339 1114 360 e
1137 330 1291 360 contrario
1318 329 1425 360 Teren-

143 383 206 415 tius
227 382 354 415 hocine
375 382 580 414 saeculum!
603 392 620 413 o
643 382 795 424 scelera,
823 393 840 413 0
865 393 1001 423 yenera
1028 382 1230 421 sacrilega!
1277 385 1305 414 et
1331 383 1426 423 (liqna

143 436 214 468 laus
235 436 366 477 reyibus,
389 438 425 467 ut
446 435 521 467 bono
546 438 676 476 tempore
698 436 768 467 nati
790 446 851 467 esse
874 436 1029 468 dieantur.

231 489 304 521 606.
341 498 400 527 QVI
429 482 537 521 ᾸΓΑΝΤΙ
568 498 688 521 TALEM
717 498 882 521 GENVERE
912 498 1094 521 PARENTES
1119 489 1293 521 seeundum
1323 491 1426 520 artem

144 542 335 574 rhetoricam
359 544 511 583 parentes
536 554 615 585 quos
640 543 772 584 ignorat
796 543 907 574 laudat
931 554 967 574 ex
989 543 1108 574 liberis.
1145 543 1242 574 simul
1262 543 1426 574 sciendum

141 596 252 628 omnia
275 596 336 627 hoc
360 596 431 627 loco
457 596 561 628 laudis
586 599 761 638 praecepta
785 598 926 638 servata3
951 607 1025 628 nam
1051 598 1082 627 et
1107 608 1125 628 a
1144 597 1334 637 parentibus
1359 597 1426 628 lau-

142 649 211 690 dat,
238 651 275 681 ut
299 649 370 691 ‘qui
398 650 482 681 tanti
511 650 612 681 talem
641 660 780 691 genuere
808 649 991 691 parentes’;
1022 652 1055 680 et
1083 650 1124 681 ab
1152 650 1235 691 ipsa,
1265 649 1426 681 ut-‘urbe

112 716 115 720 ·
142 702 237 734 domo
267 702 401 744 socias’3
433 705 465 734 et
494 715 513 734 a
542 703 666 745 futuro,
694 706 731 735 ut
762 703 959 745 ‘nomenque
990 706 1081 735 tuum
1111 703 1286 745 laudesque
1317 715 1425 736 mane-

142 755 268 792 bunt'.v
294 755 418 788 ‘talem'
441 759 558 799 autem,
583 760 647 789 tam
671 758 799 798 iustam,
823 760 887 788 tam
904 758 1004 797 piam.

231 810 306 841 607.
343 819 380 841 IN
405 818 521 841 FRETA
546 811 678 842 abusive
703 811 798 842 modo
822 811 939 852 maria3
969 822 1045 842 nam
1074 810 1206 852 proprie
1234 810 1354 842 fretum
1378 812 1427 841 est

142 873 231 895 mare
254 863 449 895 naturaliter
471 864 606 906 mobile,
635 865 674 896 ab
704 865 864 896 undarum
893 864 1020 896 fervore
1049 864 1261 895 nominatum.
1352 873 1426 895 DVM

142 925 318 949 MONTIBvs
342 926 485 948 VMBRAE
509 926 739 962 LVSTRABVNT
764 927 930 950 CONVEXA
960 918 1015 949 alii
1043 918 1105 949 hoc
1129 918 1199 949 loco
1223 917 1428 958 distinguunt

143 971 176 1001 et
199 969 322 1011 dicunt,
353 970 506 1012 quamdiu
529 971 686 1003 inclinata
709 972 744 1003 in
772 972 938 1003 montibus
964 971 1069 1003 latera
1097 971 1228 1003 umbrae
1260 982 1318 1012 pro
1348 971 1426 1002 solis

142 1022 226 1054 flexu
246 1023 474 1065 circumibunt,
498 1026 535 1055 ut
558 1024 705 1056 lustrat
721 1024 909 1057 Aventini
933 1026 1114 1056 montem:
1139 1026 1196 1056 aut
1216 1024 1426 1056 ‘lustrabunt’

143 1075 388 1118 inumbrabunt,
407 1076 491 1108 unde
510 1077 619 1115 lustra¹
633 1081 666 1110 et
685 1078 826 1111 ferarum
845 1078 966 1110 cubilia
986 1080 1018 1109 et
1036 1078 1208 1119 lupanaria
1226 1090 1284 1119 per
1301 1080 1427 1110 contra-

143 1129 228 1161 rium
253 1129 403 1171 dicimus,
428 1130 504 1171 quia
526 1142 641 1172 parum
665 1132 889 1163 inlustrantur.
927 1131 983 1163 alii
1002 1133 1113 1163 tamen
1137 1131 1290 1163 ‘convexa
1310 1131 1427 1163 sidera'

142 1182 271 1224 volunt,
302 1183 335 1214 id
369 1186 418 1215 est
451 1184 640 1227 pendentia,
671 1187 708 1217 ut
737 1187 775 1216 et
807 1185 905 1216 caeli
939 1195 1107 1216 convexa
1135 1196 1202 1226 per
1236 1196 1363 1226 auras,
1395 1184 1428 1216 id

143 1238 194 1267 est
225 1247 394 1278 suspensa,
427 1236 638 1280 planetasque
666 1238 876 1280 intellegunt,
905 1238 980 1279 quia
1007 1249 1072 1269 non
1101 1240 1177 1270 sunt
1204 1238 1275 1280 fixi,
1308 1238 1364 1270 sed
1392 1239 1426 1269 in

143 1291 216 1320 aiire
247 1289 405 1321 feruntur.
452 1289 573 1331 ‘pasci’
603 1293 711 1323 autem
745 1291 836 1333 aquis
871 1291 1006 1322 marinis
1041 1291 1167 1332 sidera„
1191 1291 1223 1323 id
1255 1294 1305 1323 est
1335 1292 1428 1333 ignes

145 1342 313 1382 caelestes,
331 1343 459 1384 physici
478 1343 608 1385 docent,
633 1345 809 1376 secundum
830 1356 909 1386 quos
930 1344 1077 1376 Lucanus
1099 1344 1146 1376 ait
1170 1346 1284 1386 atque
1308 1345 1428 1377 undae

143 1395 229 1436 plus
259 1407 370 1438 quam
400 1396 498 1438 quod
527 1397 682 1439 digerat
711 1400 782 1430 aiir.
830 1396 917 1429 *alii
945 1397 1063 1430 ‘sidera
1091 1397 1239 1430 conveoea’
1267 1399 1355 1430 nobis
1382 1399 1428 1429 in-

143 1449 308 1488 minentia,
330 1450 377 1481 vel
399 1460 477 1491 quae
494 1461 552 1491 per
580 1461 746 1483 convexum
770 1451 878 1492 polum
900 1453 1088 1492 pascuntur,
1115 1452 1162 1483 vel
1184 1462 1262 1491 quae
1279 1462 1338 1492 per
1360 1454 1428 1483 con-

217 1576 232 1600 2
251 1573 324 1608 nati]
344 1574 377 1600 A.
397 1574 434 1600 VI
455 1577 506 1601 649
530 1574 539 1608 ΙΙ
562 1577 577 1600 3
603 1574 761 1609 Terentius]
788 1574 831 1601 ad.
852 1574 890 1600 III
909 1577 939 1607 2,
964 1577 987 1601 6,
1026 1574 1059 1600 cf.
1080 1574 1149 1602 Don.
1174 1574 1210 1600 ad
1234 1575 1306 1601 hunc
1332 1584 1400 1602 vers.
1421 1576 1430 1610 ἢ

147 1611 179 1634 16
198 1608 311 1643 lustrat]
338 1610 371 1635 A.
400 1609 465 1636 VIII
491 1613 541 1636 231
566 1610 575 1643 ΙΙ
600 1613 632 1636 17
659 1610 732 1636 unde
760 1610 848 1636 lustra
868 1631 873 1636 .
890 1631 895 1636 .
913 1630 918 1636 .
938 1609 1127 1644 illustrantur]
1155 1619 1239 1637 exscr.
1267 1610 1331 1637 Isid.
1360 1611 1428 1644 orig.

145 1643 209 1670 XIV
229 1647 253 1677 8,
273 1648 306 1671 29
321 1645 331 1678 ΙΙ
347 1648 378 1671 19
399 1647 427 1671 et
446 1645 529 1680 caeli]
548 1646 580 1672 A.
601 1645 651 1671 VII
671 1649 722 1671 543
742 1646 751 1679 Η
770 1649 804 1672 20
823 1645 1008 1679 planetasque
1028 1666 1033 1672 .
1051 1667 1056 1673 .
1073 1667 1077 1671 .
1098 1646 1237 1681 feruntur]
1257 1654 1344 1673 exscr.
1364 1646 1428 1673 Isid.

144 1679 213 1714 orig.
233 1680 273 1706 ΙΙΙ
293 1683 334 1713 70,
354 1683 388 1706 20
411 1682 421 1715 fl
445 1684 478 1707 22
498 1681 639 1716 Lucanus]
659 1681 684 1707 X
705 1684 757 1707 260

218 1798 231 1820 1
257 1795 294 1821 ad
318 1803 342 1821 υ,
364 1798 414 1822 605
439 1795 554 1830 Ferant]
580 1796 716 1823 adferant.
742 1797 769 1822 P
788 1798 797 1830 ss
820 1800 835 1823 3
860 1797 1025 1823 nascentum
1050 1796 1083 1822 H
1087 1797 1123 1822 M
1127 1807 1135 1822 .-
1162 1797 1335 1823 nascentium
1359 1797 1430 1823 BOI

144 1831 263 1856 nacente
289 1830 314 1856 L
337 1832 346 1864 ss
370 1831 396 1865 e]
423 1832 452 1857 te
479 1831 502 1857 G
522 1832 531 1865 ΙΙ
553 1832 703 1858 terrentius
731 1832 754 1858 Ο
774 1833 783 1865 ss
808 1836 822 1859 7
849 1832 977 1858 laudauit
1002 1832 1101 1858 BOM
1121 1833 1131 1866 ΙΙ
1156 1835 1186 1858 12
1214 1833 1251 1858 ad
1275 1841 1299 1858 v.
1320 1836 1370 1859 007
1398 1834 1429 1859 In

144 1865 229 1900 freta]
250 1865 366 1892 abusiue
387 1888 391 1893 .
410 1888 436 1893 ..
458 1866 493 1892 ab
533 1867 649 1893 ndarum
674 1868 782 1894 feruore
806 1867 920 1894 dictum.
942 1868 969 1893 P
988 1868 997 1900 ΙΙ
1021 1870 1052 1893 13
1077 1867 1181 1894 mobile
1206 1868 1234 1894 et
1257 1868 1337 1894 terris
1362 1868 1429 1894 uici-

145 1910 212 1927 num
235 1902 285 1927 aut
306 1901 457 1934 inclusum,
486 1911 503 1927 u
539 1902 642 1929 fretum
666 1903 790 1929 Siculum
815 1903 849 1929 ab
873 1903 1011 1929 undarum
1039 1902 1148 1929 feruore
1172 1903 1354 1930 nominatum.
1374 1904 1403 1929 D
1421 1916 1430 1938 J*

146 1935 334 1971 nominatum]
354 1938 419 1964 tunc
438 1938 548 1963 tantum
569 1938 671 1964 fretum
691 1939 792 1965 dicitur
807 1939 917 1972 quando
933 1947 950 1964 a
964 1937 1056 1964 uentis
1071 1946 1146 1964 mare
1161 1938 1294 1972 agitatur.
1323 1939 1429 1965 dictum

146 1971 249 1998 fretum
268 1980 285 1999 a
302 1972 422 2000 fremitu.
461 1981 536 2005 mare
561 1974 672 2008 proprie
696 1973 803 2000 dictum
828 1974 891 2000 add.
912 1975 921 2000 l
940 1974 971 2000 in
989 1981 1076 2007 mary.
1100 1974 1109 2007 ΙΙ
1134 1976 1167 1999 14
1186 1974 1361 2008 distinguunt
1382 1975 1430 2000 M:

145 2007 302 2041 distingunt
321 2007 411 2034 CLH
430 2009 440 2042 ΙΙ
465 2011 496 2034 15
523 2008 639 2035 flexibus
664 2010 701 2035 M
722 2011 731 2043 ΙΙ
754 2009 946 2036 circumibunt.
984 2010 1034 2035 aut
1057 2008 1175 2035 lustrum
1199 2009 1305 2036 facient
1328 2010 1429 2036 monti—

146 2042 210 2076 bue,
229 2042 259 2069 id
278 2044 320 2070 est
338 2044 433 2070 rotatu
452 2043 519 2070 solis
538 2046 684 2072 uertentur
702 2045 776 2071 circa
799 2044 936 2071 montium
960 2044 1042 2070 sinus.
1080 2045 1112 2070 ut
1130 2044 1232 2071 lustrat
1250 2045 1279 2071 D
1301 2046 1311 2079 Il
1336 2049 1367 2072 16
1387 2045 1429 2080 ut]

148 2086 198 2105 om.
220 2078 244 2104 G
259 2079 332 2105 unde
352 2079 377 2104 L
396 2080 439 2113 (ut
456 2080 476 2112 l)
499 2080 508 2113 ΙΙ
531 2080 631 2107 lustrat
650 2080 777 2107 auentini
795 2081 919 2106 montem
939 2080 1095 2106 oblitterata
1113 2080 1144 2106 in
1164 2079 1187 2106 C
1203 2081 1213 2115 ΙΙ
1230 2080 1431 2107 inumbrabunt

149 2112 186 2139 0³
209 2114 239 2140 in
263 2122 364 2141 rasura
386 2115 396 2148 11
421 2118 451 2141 17
471 2115 544 2141 unde
564 2123 613 2142 mn.
635 2115 658 2142 Ο
678 2116 687 2149 ΙΙ
712 2118 743 2142 18
768 2115 896 2148 quiamm
917 2115 940 2142 C
960 2118 991 2141 ut
1013 2115 1122 2141 videtur
1147 2115 1185 2149 qd
1209 2125 1308 2150 parum
1330 2116 1367 2143 Ο2
1390 2117 1431 2143 vel

149 2148 184 2175 0³
206 2150 216 2182 ΙΙ
238 2152 272 2175 20
291 2150 358 2183 quia
376 2150 450 2176 LH:
469 2159 540 2184 quac
559 2151 586 2176 B
605 2151 654 2184 qui
674 2151 737 2177 GM
758 2152 767 2184 ΙΙ
790 2151 861 2177 fixae
883 2151 907 2177 B
930 2152 939 2184 ΙΙ
963 2154 995 2177 21
1016 2151 1148 2178 feruntur.
1187 2151 1235 2178 alii
1254 2151 1346 2178 sidera
1366 2161 1429 2178 con-

149 2192 221 2211 uexa
238 2185 318 2211 nobis
337 2185 503 2212 inminentia
522 2186 567 2212 uel
587 2195 658 2220 quac
677 2195 726 2220 per
745 2194 900 2212 connexum
919 2186 1015 2220 polum
1035 2187 1193 2220 pascuntur.
1223 2187 1269 2213 uel
1288 2196 1358 2221 quae
1379 2196 1430 2214 con

149 2227 299 2253 pernexum
322 2220 460 2255 disposita
487 2222 666 2249 exhalatione
692 2223 782 2248 terrae
807 2222 863 2253 ali}
887 2222 1042 2248 credantur.
1085 2222 1213 2255 quamuis
1241 2222 1323 2256 fysici
1352 2222 1430 2256 pasci

149 2254 229 2288 aquis
252 2255 365 2282 marinis
389 2256 480 2283 sidera
503 2257 532 2283 id
556 2258 598 2284 est
621 2257 699 2291 ignes
724 2257 858 2283 caelestes
883 2257 1001 2284 doceant
1027 2258 1179 2284 secundum
1203 2267 1273 2291 quos
1294 2280 1299 2285 .
1320 2280 1325 2285 .
1347 2279 1352 2283 .
1373 2266 1429 2284 avr.

149 2289 263 2322 quidam
288 2291 381 2318 radios
406 2292 496 2318 solis.
518 2313 523 2319 .
544 2314 550 2319 .
576 2293 684 2319 caelum
711 2292 788 2319 dixit.
810 2292 833 2318 C
857 2294 866 2326 ΙΙ
894 2296 927 2319 22
952 2294 989 2319 acl
1006 2301 1030 2319 v.
1051 2296 1102 2319 608
1128 2293 1238 2328 Paseet]
1266 2293 1430 2319 translatiue

149 2324 272 2387 dieiiul'e
296 2326 376 2387 ἲγΙεξοί
398 2327 505 2361 (fysice)
531 2329 626 2354 autem
650 2328 726 2362 pasci
750 2328 830 2362 aquis
855 2328 969 2355 marinis
993 2328 1086 2355 sidera
1109 2328 1217 2361 dieunt,
1244 2329 1271 2354 id
1291 2329 1333 2355 est
1351 2327 1430 2362 ignes

151 2368 200 2386 cae
214 2368 243 2386 es
274 2369 294 2388 s.

1164 2407 1217 2433 12*

1449 708 1480 731 10

1446 1242 1480 1266 20
