1630 2684
444 151 558 179 COMM.
576 151 617 178 ΙΝ
635 150 742 179 VERG.
763 150 846 177 AEN.
868 150 886 178 Ι.
908 154 1056 180 129—137.
1347 152 1390 183 59

201 233 273 265 135.
311 240 400 271 Qvos
418 240 488 264 EGO
513 230 622 265 deficit
644 233 706 265 hoc
729 233 802 265 loco
826 243 946 274 εει-11109
971 235 1004 265 et
1023 243 1178 276 congrue,
1200 234 1292 276 quasi
1314 234 1392 266 irati

109 288 142 318 et
174 286 322 318 turbatae
354 285 486 327 mentis,
519 286 555 316 ut
584 285 663 317 alibi
691 296 746 317 me
776 297 844 327 me,
873 285 1012 317 adsum.
1065 286 1216 319 similiter
1249 287 1392 329 incipit

109 339 239 380 effari,
271 338 471 379 mediaque
498 337 538 370 in
565 349 656 370 voce
684 338 851 371 resistit.
897 338 1069 371 Terentius
1099 351 1208 381 quem
1240 341 1391 383 quidem

109 402 180 435 ego
204 392 236 424 si
260 402 431 432 sensem,
455 390 520 422 sed
545 391 635 432 quid
659 403 754 433 opus
780 394 838 424 est
856 392 1010 424 verbis?
1033 392 1084 424 his
1104 394 1190 425 enim
1210 394 1390 426 adfectibus

108 447 235 477 tantum
249 444 407 476 sermonis
422 443 559 476 defectio
575 445 736 486 congruit.
827 458 899 481 qvos
917 444 983 488 sco]
1004 445 1215 479 *subauditur
1229 446 1391 480 ‘ulciscar’.

108 508 176 540 erqo
207 494 435 539 ἀποσιώπησις
462 501 517 539 cst,
549 497 603 529 hoc
634 501 690 540 est,
723 501 759 530 ut
789 500 832 531 ad
858 500 958 531 alium
987 509 1111 532 sensum
1143 503 1292 540 transeat,
1324 502 1391 533 ideo

107 551 273 592 abrupmm
296 554 325 584 et
339 553 521 592 pendentem
543 552 675 592 reliquit.
716 555 745 584 et
766 553 970 585 necessarium
988 556 1059 594 post
1082 554 1142 586 talc
1164 554 1284 586 schema
1307 554 1390 587 ‘sed'

106 605 346 637 omiiunctimwm
359 606 456 646 sequi,
469 608 505 638 ut
518 616 738 647 quamquam
756 617 786 645 o,
804 607 872 639 sed.
883 605 902 626 ’¹‘
989 616 1055 639 sm)
1075 616 1191 640 moros
1211 617 1391 641 PRAESTAT

106 659 281 701 prudenter
305 659 388 701 agit3
412 659 486 700 plus
510 662 559 692 est
584 660 670 692 enim
688 660 914 692 innocentibus
934 671 1131 703 succurrere,
1156 673 1253 703 quam
1276 673 1391 695 nocen-

106 711 190 744 tium
212 712 331 744 delicta
353 713 475 754 punire.
566 722 745 746 PRAESTAT
770 714 886 746 melius
911 716 976 755 est,
999 716 1036 746 ut
1059 717 1238 756 praestat
1257 716 1390 748 Trina-

107 765 181 797 crii
203 767 324 797 metas
353 766 525 799 lustrare
549 766 731 809 Pachyni.
778 769 810 798 et
832 767 992 799 notandus
1017 779 1131 800 sermo.
1177 780 1254 801 nam
1279 771 1311 801 et
1333 781 1391 811 per

107 830 141 851 se
164 819 281 860 plenus
311 821 373 861 est,
402 821 435 851 et
463 822 531 852 tam
561 820 744 852 accusativo
768 820 916 862 iungitur
939 832 1036 862 quam
1060 822 1207 863 septimo.
1254 823 1390 855 dicimus

108 872 194 904 enim
218 874 250 904 et
275 872 439 914 ‘praestat
461 873 569 905 illum'
594 875 627 906 et
651 873 813 915 ‘praestat
835 873 920 906 illo’.

198 926 270 958 136.
307 935 392 958 Posr
415 936 495 958 MIHI
518 935 591 958 NON
615 935 724 958 sunm
747 936 862 959 POENA
887 936 1060 960 ommissis
1083 937 1208 961 LvET1s
1234 931 1290 961 aut
1314 929 1391 962 ‘non

107 979 206 1011 simili
225 979 355 1022 poena',
378 980 411 1012 id
431 982 480 1012 est
498 991 564 1011 non
583 991 621 1011 ea
640 991 704 1022 qua
718 980 878 1013 Troianos
903 981 1082 1023 adfecistis,
1107 984 1163 1014 aut
1182 984 1269 1014 certe
1294 982 1391 1015 ‘mihi

106 1044 172 1065 non
200 1033 327 1075 simili'‚
361 1034 393 1065 id
427 1035 477 1065 est
508 1033 717 1066 vehementer
749 1034 843 1067 irato.
938 1048 1009 1067 posr
1025 1048 1096 1067 mm
1112 1048 1138 1067 N.
1153 1048 1174 1068 S.
1190 1049 1214 1068 P.
1230 1049 1249 1068 ο.
1265 1038 1302 1076 n]
1333 1048 1391 1078 pro

107 1086 185 1119 ‘mm
207 1087 323 1127 inpune
345 1087 431 1119 eritis
448 1086 611 1127 posthac';
638 1098 721 1120 nunc
744 1089 825 1120 enim
849 1089 970 1120 nullam
996 1099 1127 1129 poenam
1154 1090 1299 1129 sentiunt,
1328 1091 1392 1122 uisi

105 1140 186 1180 forte
208 1140 438 1181 obiurgationis.
485 1140 708 1173 *‘eomin2‘ssa'
732 1144 833 1173 autem
856 1141 905 1173 hic
922 1152 983 1182 pro
1002 1141 1172 1183 peccatis*
1263 1152 1390 1176 LVE'rIs

107 1193 310 1235 persolvetis.
357 1195 389 1226 et
421 1194 474 1226 hic
508 1205 613 1226 sermo
643 1206 662 1227 a
689 1195 826 1236 pecunia
854 1195 1032 1238 descendit3
1064 1196 1273 1238 antiquorum
1304 1197 1390 1229 enim

108 1257 219 1279 omnes
243 1257 367 1288 poenae
390 1247 596 1289 pecuniariae
619 1247 758 1280 fuerunt.

198 1301 270 1332 137.
306 1309 497 1333 MATVRATE
517 1310 639 1333 FVGAM
664 1313 736 1333 cum
760 1302 963 1344 maturitate,
987 1303 1019 1334 id
1044 1305 1093 1335 est
1113 1315 1184 1335 cum
1209 1305 1392 1346 tranquilli-

106 1356 175 1386 tate
198 1354 367 1395 discedite,
391 1366 455 1396 quo
479 1355 574 1387 modo
599 1355 735 1386 dicimus
761 1355 906 1387 ‘matura
924 1355 1125 1389 iracundiam
1145 1357 1261 1399 tuam’,
1283 1358 1317 1389 id
1341 1360 1391 1390 est

107 1407 238 1450 mitiga3
260 1407 478 1449 perniciosum
502 1408 587 1440 enim
607 1408 757 1440 Troianis
782 1411 844 1450 est,
869 1409 897 1440 si
918 1411 1082 1442 maturent
1105 1410 1231 1453 fugam,
1255 1411 1317 1443 hoc
1341 1414 1391 1443 est

108 1461 294 1493 accelerent.
339 1472 408 1503 erqo
433 1461 572 1503 ‘fuyam'
596 1462 645 1494 hic
667 1465 787 1494 tantum
811 1463 975 1495 discessum
998 1464 1217 1504 accipiendum.

180 1570 193 1593 1
214 1567 308 1594 deficit
327 1576 350 1594 e.
369 1576 395 1601 q.
416 1567 450 1602 s.]
476 1567 509 1595 cf.
529 1568 598 1594 Don.
620 1568 655 1594 ad
675 1568 737 1596 Ter.
757 1576 818 1594 eun.
839 1569 851 1595 I
872 1572 895 1602 1,
914 1572 948 1595 20
968 1570 997 1596 et
1015 1569 1040 1596 V
1059 1572 1088 1603 8,
1108 1573 1151 1597 20.
1188 1570 1311 1598 Macrob.
1333 1572 1390 1598 Sat.

106 1602 146 1629 IV
160 1606 185 1636 6,
199 1606 234 1629 20
247 1604 257 1637 ss
271 1606 286 1629 2
302 1611 346 1630 me
360 1604 417 1638 me]
438 1604 470 1629 A.
486 1603 525 1629 IX
540 1606 591 1630 425
606 1604 615 1637 ΙΙ
629 1603 740 1638 incipit]
760 1604 792 1630 A.
808 1604 846 1630 IV
862 1607 894 1631 76
909 1606 919 1638 ΙΙ
932 1608 948 1630 3
964 1605 1122 1641 Terentius]
1142 1606 1227 1633 Andr.
1249 1608 1260 1633 I
1277 1610 1301 1640 1,
1317 1610 1366 1634 137
1382 1608 1391 1642 ΙΙ

107 1641 123 1664 8
143 1639 323 1673 quamquam]
343 1639 376 1665 A.
395 1639 421 1665 V
441 1641 491 1665 195
506 1640 516 1673 ΙΙ
535 1642 568 1665 10
587 1639 724 1674 praestat]
745 1640 778 1666 A.
798 1640 837 1666 III
854 1643 905 1666 429
920 1641 929 1674 ΙΙ
948 1644 981 1667 21
1002 1649 1066 1668 cum
1084 1641 1247 1669 maturitate
1266 1651 1289 1670 e.
1310 1652 1336 1676 q.
1356 1644 1389 1678 s.]

107 1674 140 1700 cf.
160 1674 282 1701 Macrob.
303 1674 361 1701 Sat.
381 1674 420 1701 VI
439 1678 464 1708 8,
485 1677 498 1701 7
512 1683 570 1708 sqq.
591 1675 620 1701 et
639 1674 710 1702 Gell.
729 1675 754 1701 X
775 1678 806 1702 11

179 1775 193 1798 1
214 1773 251 1799 ad
264 1781 289 1800 v.
300 1775 350 1799 135
372 1772 447 1804 Quos
461 1773 525 1807 ego]
542 1772 637 1800 deficit
650 1773 704 1800 hoc
718 1773 781 1800 loco
797 1781 895 1800 sermo.
921 1775 950 1801 et
965 1782 1099 1809 congrue;
1117 1783 1183 1802 nam
1197 1775 1246 1809 qui
1261 1776 1391 1803 irascitur

106 1807 236 1835 turbatae
254 1808 356 1835 mentis
379 1809 429 1836 est.
468 1808 632 1835 subauditur
657 1817 726 1842 quos
750 1818 803 1843 ego
822 1809 943 1836 ulciscar
962 1831 967 1837 .
989 1831 995 1837 .
1016 1831 1021 1836 .
1042 1811 1071 1837 et
1089 1811 1258 1845 pendentem
1276 1812 1392 1846 reliquit

107 1843 258 1877 (reliquid).
301 1843 355 1870 Sed
374 1845 465 1871 motos
483 1845 619 1879 praestat]
648 1844 711 1878 plus
739 1846 782 1871 est
809 1845 884 1871 enim
907 1845 1101 1872 innocentibus
1125 1855 1282 1874 succurrere
1305 1857 1391 1881 quam

105 1879 267 1906 nocentium
290 1880 407 1913 peccata
430 1879 536 1913 punire.
576 1879 733 1914 ‘praestat’
759 1881 853 1907 autem
877 1881 976 1907 melius
1001 1882 1050 1908 est.
1089 1883 1118 1908 et
1140 1883 1280 1909 notandus
1300 1891 1390 1911 sermo

160 1936 166 1942 .
189 1916 317 1949 praestat
340 1914 399 1941 illo.
425 1916 452 1941 P
483 1915 659 1948 (subauditur
683 1937 687 1942 .
709 1938 715 1943 .
737 1937 742 1942 .
766 1916 881 1949 reliquit
905 1917 993 1943 eodem
1016 1917 1072 1943 loco
1096 1925 1148 1951 quo
1175 1918 1202 1944 P
1223 1918 1302 1945 habet
1326 1918 1364 1945 Ο*
1381 1919 1391 1954 Η

106 1950 187 1984 quasi
206 1972 212 1978 .
233 1972 240 1978 .
261 1971 267 1976 .
286 1950 399 1985 inentis]
424 1951 473 1984 qui
491 1950 622 1977 irascitur
639 1951 669 1977 id
688 1952 730 1978 est
747 1952 926 1985 perturbatae
945 1952 1047 1979 mentis
1067 1954 1110 1979 est
1127 1953 1155 1979 B
1185 1962 1251 1980 nam
1269 1954 1319 1988 qui
1336 1954 1389 1982 ira-

107 1985 194 2012 scitur
211 1986 341 2013 turbatae
359 1986 461 2013 mentis
480 1987 524 2013 est
543 1986 580 2013 G*
609 1986 690 2020 quasi
708 1986 797 2013 iratae
817 1988 845 2013 et
863 1988 1045 2021 perturbatae
1063 1989 1166 2015 mentis
1185 1990 1227 2016 est
1247 1990 1284 2016 M
1295 1991 1305 2024 ΙΙ
1323 1994 1339 2017 2
1359 1992 1391 2018 ut

106 2021 175 2048 alibi
194 2043 200 2048 .
221 2043 227 2048 .
248 2042 254 2048 .
278 2021 385 2048 resistit
403 2030 452 2048 om.
474 2022 497 2048 C
516 2025 581 2055 post
603 2022 718 2056 reliquit
741 2022 844 2049 addens
869 2024 898 2050 et
919 2023 1076 2051 necessario
1100 2045 1105 2051 .
1127 2046 1133 2051 .
1154 2047 1159 2051 .
1184 2033 1354 2059 quamquam
1374 2035 1390 2053 o

107 2057 163 2084 sed.
182 2058 192 2091 ΙΙ
209 2065 254 2084 me
273 2057 331 2092 me]
350 2065 424 2084 mern
443 2058 469 2084 K
496 2065 577 2084 mene
595 2058 621 2083 L
648 2057 739 2084 meine
758 2058 793 2084 H
807 2059 816 2092 ΙΙ
834 2058 975 2093 similiter]
995 2059 1064 2086 item
1083 2059 1152 2087 alibi
1170 2060 1240 2087 ΒΜ
1247 2061 1256 2087 l
1278 2062 1288 2095 11
1311 2065 1327 2088 4
1346 2062 1390 2088 his

107 2091 180 2118 enim
196 2114 202 2119 .
219 2113 225 2119 .
241 2114 246 2120 .
264 2092 394 2127 congruit
407 2101 456 2120 om.
474 2093 497 2120 Ο
508 2094 518 2127 ΙΙ
533 2096 547 2119 7
562 2093 750 2120 necessarium
768 2094 881 2127 scripsi:
899 2095 1055 2122 necessario
1071 2095 1095 2122 0
1105 2096 1115 2130 ΙΙ
1129 2098 1144 2122 9
1160 2096 1230 2131 agit]
1251 2096 1293 2123 ait
1306 2097 1372 2123 LH
1381 2098 1390 2132 41

109 2131 139 2154 11
155 2128 269 2161 pachini
289 2129 354 2155 libri
367 2130 376 2162 ΙΙ
391 2132 424 2155 12
439 2130 498 2156 tam
518 2129 679 2155 accusatiuo
695 2137 779 2162 quam
794 2130 914 2163 septimo
929 2130 1006 2157 casui
1020 2130 1146 2166 iungitur
1159 2131 1185 2157 L
1198 2133 1208 2166 ΙΙ
1228 2135 1259 2158 12
1274 2133 1391 2166 fortasse

106 2163 189 2190 tertio
209 2166 234 2190 et
253 2167 285 2190 13
304 2165 429 2198 praestat
447 2164 498 2191 illi.
533 2165 566 2198 cf.
588 2165 662 2191 Serv.
682 2165 719 2191 acl
738 2165 806 2192 Aen.
827 2165 864 2191 XI
883 2166 1031 2200 438111110.
1061 2167 1211 2194 commissa
1230 2169 1325 2195 autem
1344 2169 1390 2195 hic

106 2207 157 2232 pro
178 2199 303 2233 peccatis
323 2199 347 2226 0
366 2201 376 2233 ΙΙ
401 2203 433 2226 14
453 2201 490 2226 ad
508 2209 532 2227 v.
551 2203 600 2226 136
621 2200 689 2227 Post
706 2200 776 2226 mihi
795 2209 851 2227 non
870 2201 954 2227 simili
973 2202 1075 2237 poena]
1096 2203 1126 2229 id
1145 2204 1188 2229 est
1206 2211 1262 2230 non
1282 2212 1315 2230 ea
1333 2213 1390 2237 qua

108 2234 243 2261 Troianos
271 2234 412 2263 affecistis.
450 2236 504 2262 hoc
533 2235 608 2263 enim
633 2236 719 2262 simili
741 2244 834 2270 poena
860 2237 956 2270 luetis,
985 2238 1113 2271 quamuis
1136 2239 1244 2265 nullam
1269 2248 1390 2273 poenam

105 2269 232 2296 'sentiunt
250 2270 305 2297 nisi
328 2271 400 2297 forte
424 2271 628 2305 obiurgatione.
665 2272 773 2306 Luetis]
799 2272 965 2306 persoluetis
986 2294 992 2299 .
1012 2295 1018 2300 .
1040 2295 1045 2300 .
1065 2274 1244 2307 pecuniariae
1268 2275 1388 2301 fuerunt.

109 2304 158 2339 Pu
177 2308 209 2332 15
229 2314 285 2333 non
303 2306 374 2333 mihi
390 2306 417 2332 L
430 2308 440 2341 ΙΙ
455 2310 487 2333 16
507 2307 536 2333 id
555 2308 598 2334 est
616 2315 671 2334 non
690 2308 750 2334 tam
766 2308 947 2336 vehementer
965 2309 1037 2336 irato
1057 2309 1209 2336 Fabricius
1222 2311 1232 2344 ΙΙ
1250 2310 1322 2337 irato
1341 2311 1390 2337 aut

108 2348 159 2374 pro
177 2349 233 2367 non
251 2342 364 2376 impune
385 2342 475 2376 01121
496 2343 533 2370 ad
551 2351 574 2369 v.
597 2346 646 2369 137
667 2343 806 2370 Maturate
824 2343 933 2379 fugam]
954 2353 1017 2371 cum
1035 2345 1199 2372 maturitate
1219 2366 1224 2372 .
1247 2367 1252 2372 .
1273 2367 1278 2373 .
1298 2345 1328 2372 id
1347 2347 1390 2372 est

108 2375 215 2410 mitiga.
236 2376 284 2411 ΡΙΙ
299 2380 331 2403 23
351 2377 481 2412 mitigare
501 2378 533 2404 Κ
536 2378 561 2404 L
579 2378 690 2412 (mitiga
709 2380 728 2413 Z)

1411 726 1443 749 10

1411 993 1444 1017 15

1410 1260 1444 1284 20
