1630 2684
503 154 615 182 COMM.
635 154 675 181 IN
693 154 801 182 VERG.
820 155 905 182 AEN.
925 156 958 184 ΙΙ,
979 159 1128 185 633-642.
1390 158 1455 190 313

170 237 199 266 et
220 235 287 267 eius
305 238 411 276 partes
433 235 479 267 ita
495 238 672 277 ponuntur,
699 238 736 268 ut
757 237 816 276 †si
837 237 892 277 qui
914 237 1105 276 dissuadent,
1133 249 1176 270 an
1199 240 1454 279 supervivendum

165 289 300 329 patriae.
345 289 426 330 quod
446 289 514 320 ideo
536 291 639 329 aperte
660 299 724 321 non
746 289 839 331 dizit,
862 300 900 322 ne
922 292 1031 351 ceteros
1054 301 1074 321 a
1096 291 1172 331 fuya
1195 291 1352 324 dehortari
1374 293 1456 325 vide-

169 344 267 383 retur,
290 343 344 374 sed
363 343 412 374 ait
434 341 497 374 ‘vos
513 342 623 383 fugite,
646 343 701 382 qui
717 342 875 383 potestis':
899 354 920 375 a
938 346 1070 384 tempore
1093 343 1182 376 ‘satis
1200 355 1266 376 una
1286 346 1455 388 superque',

168 395 208 427 ab
230 396 342 428 invitis-
360 396 422 428 diis
445 395 521 427 ‘iam
538 396 662 436 pm’dem
684 397 805 428 invisus
826 397 889 428 diis
907 399 935 428 et
957 397 1080 429 inutilis
1098 408 1198 430 annos
1215 399 1374 431 demoror'.
1412 401 1456 432 sic

168 445 290 494 quiden»
311 451 340 480 et
361 449 442 480 illud
463 449 629 490 eolliyitur,
653 459 695 481 an
718 450 826 482 debilis
843 450 970 491 patriae
992 461 1139 491 superare
1161 451 1271 483 debeat.

258 501 332 534 639.
369 510 525 533 mmmm
543 511 629 534 Anv1
649 511 796 535 SANles
820 503 950 544 plenam
975 505 1117 535 aetatem
1137 504 1302 546 significat
1321 517 1359 537 ex
1383 517 1456 538 san-

169 555 280 597 guine,
309 554 365 597 qui
392 565 457 587 non
485 557 535 587 est
563 555 691 598 integer
719 556 783 598 nisi
807 557 841 588 in
865 557 1045 589 iuvenibus.
1092 569 1167 590 nam
1191 558 1303 590 dicunt
1326 559 1455 601 physici

169 608 272 641 minui
296 608 488 650 sanguinem
511 620 569 650 per
597 611 754 641 aetatem:
782 611 866 642 unde
891 613 923 642 et
946 611 979 642 in
1004 605 1135 643 senibus
1160 613 1284 644 tremor
1307 614 1365 644 est.

168 672 244 694 sane
262 661 392 694 ‘aevum'
415 662 464 694 hie
486 663 530 694 ad
551 673 650 695 annos
668 663 781 703 referre
798 664 950 703 debemus,
973 675 1043 696 eum
1061 665 1138 697 alibi
1157 667 1274 706 tempus
1296 666 1455 708 siqnifteet‚

133 750 139 755 ,
167 718 204 747 ut
223 725 381 756 aevoque
401 716 578 756 sequenti.
620 707 653 747 et
666 716 737 757 <ΙΙΙ
751 717 838 758 415>
859 720 1002 749 tantum
1025 719 1107 750 aevi
1131 709 1456 760 lonqinqua‘valet

167 771 312 801 mutare
338 771 508 801 vetustas.
600 778 665 802 svo
693 779 834 803 Rossom:
864 771 933 803 sine
962 771 1097 803 alterius
1127 773 1262 814 auxilio,
1292 784 1355 814 quo
1380 775 1455 814 eget

169 821 337 854 Anchises.
382 825 411 854 et
432 823 511 855 duas
533 833 582 855 res
604 824 678 855 dicit
686 834 697 855 .·
720 826 750 855 et
771 825 892 857 iuvenes
915 825 1000 867 estis,
1022 827 1051 857 et
1072 826 1158 868 sani,
1181 837 1312 867 quorum
1334 829 1454 859 utrum-

167 886 225 916 que
246 876 324 908 mihi
346 877 433 908 deest.
523 889 618 909 smm'
632 880 777 917 perstant
797 878 971 919 solidaeque
992 882 1073 911 sunt.

257 930 331 962 640.
367 942 495 962 AGITATE
515 931 678 971 disponite,
701 932 835 972 eoqitate.
878 931 1048 965 Sallustius
1071 934 1239 965 traditur
1260 934 1389 975 fuyam
1412 935 1454 966 in

168 984 295 1015 oceani
318 984 523 1024 lonqinqua
546 985 758 1025 agitavisse.

258 1037 332 1069 641.
369 1046 590 1069 CAELICOLAE
624 1038 663 1069 ad
695 1049 774 1079 quos
805 1040 919 1070 nostra
950 1039 1208 1081 pertinetvita,
1241 1042 1279 1072 ut
1309 1040 1345 1081 <I
1369 1042 1455 1082 387>

167 1090 268 1122 haud
305 1090 421 1122 credo
459 1091 610 1123 invisus
649 1092 888 1123 caelestibus
926 1104 1039 1124 auras
1077 1093 1223 1125 vitales
1262 1095 1389 1136 carpis
1423 1097 1456 1126 et

168 1143 234 1184 <XI
263 1143 327 1184 51>
359 1155 427 1176 nos
459 1144 635 1176 iuvenem
674 1145 891 1176 exanimum
933 1147 970 1176 et
1010 1146 1067 1177 nil
1104 1147 1178 1178 iam
1217 1148 1454 1180 caelestibus

166 1196 262 1228 ullis
286 1197 489 1229 debentem
513 1200 546 1229 et
569 1198 638 1239 <VI
663 1199 747 1240 730>
771 1199 910 1240 igneus
941 1201 1011 1231 est*
1027 1199 1112 1231 illis
1137 1200 1248 1242 vigor
1272 1203 1310 1232 et
1333 1202 1456 1234 caele-

168 1250 242 1282 stis
266 1251 387 1293 origo.
421 1252 529 1283 am'ma
548 1253 634 1284 enim
654 1253 735 1284 caeli
754 1264 828 1294 pars
849 1255 911 1294 est,
934 1263 1044 1293 corpus
1062 1256 1215 1296 nostrum,
1239 1255 1355 1286 umbra
1374 1255 1453 1287 infe-

167 1314 286 1336 rorum.
332 1303 405 1336 ideo
430 1315 508 1346 ergo
537 1316 603 1337 non
631 1306 741 1347 posuit
770 1307 923 1348 generale
951 1317 1070 1338 nomen
1098 1307 1244 1349 deorum,
1273 1310 1305 1339 et
1333 1308 1456 1340 addidit

167 1358 375 1400 caelestibus,
402 1369 443 1390 ne
472 1359 678 1391 crederentur
706 1360 825 1391 inferni
849 1360 910 1401 dii,
939 1361 995 1402 qui
1018 1361 1146 1392 datores
1171 1361 1258 1393 vitae
1280 1373 1346 1393 non
1370 1364 1454 1394 sunt.

257 1411 331 1443 642.
369 1419 466 1443 smus
491 1420 673 1450 SVPERQVE
703 1413 743 1445 ad
775 1416 985 1455 augmentum
1010 1413 1200 1456 ‘superque'
1226 1415 1358 1447 addidit.
1405 1417 1455 1447 est

167 1467 276 1497 autem
308 1465 430 1496 tmesis,
481 1476 557 1497 sane
587 1466 752 1498 sciendum
785 1469 834 1499 est
867 1478 936 1499 esse
969 1468 1095 1509 aliqua,
1129 1479 1210 1509 quae
1243 1471 1454 1510 augmentum

166 1530 231 1550 non
260 1518 436 1560 recipiunt,
463 1530 506 1550 ne
533 1519 639 1551 minus
668 1519 865 1561 significent,
892 1522 930 1552 ut
955 1520 1108 1562 [‘satis'‚]
1141 1520 1349 1562 ‘perfectus’:
1376 1533 1452 1554 nam

168 1572 347 1614 quaeritur,
371 1573 481 1603 utrum
501 1571 699 1613 ‘perfectior’
723 1573 829 1614 possit
846 1573 973 1615 facere,⁴
990 1585 1031 1605 ne
1054 1574 1190 1616 incipiat
1214 1573 1347 1615 [‘satis']
1374 1575 1453 1617 ‘per-

170 1624 285 1657 fectus'
310 1625 418 1657 minus
443 1626 637 1667 significare.

240 1707 255 1731 7
275 1703 323 1738 qui
342 1712 398 1731 non
418 1706 460 1731 est
478 1704 588 1738 integer
607 1726 612 1731 .
629 1725 634 1731 .
652 1726 657 1731 .
678 1705 782 1731 tremor
800 1706 853 1740 est]
875 1714 959 1733 exscr.
981 1706 1045 1733 Isid.
1065 1706 1133 1741 orig.
1154 1707 1200 1739 XI,
1221 1710 1245 1740 1,
1266 1710 1314 1734 123
1330 1708 1339 1742 ΙΙ
1354 1711 1369 1734 9
1389 1717 1451 1735 cum

167 1740 236 1767 alibi
263 1740 375 1773 tempus
405 1740 555 1775 significet]
584 1740 618 1766 cf.
643 1740 707 1766 Isid.
734 1740 791 1767 diff.
816 1742 891 1768 verb.
913 1745 944 1768 67
968 1742 978 1776 11
1007 1745 1039 1768 10
1063 1743 1201 1777 aevoque]
1224 1743 1287 1770 buc.
1306 1743 1372 1770 VIII
1391 1747 1425 1770 27
1445 1745 1453 1778 1!

168 1775 387 1838 gtrffalggstAitffl
403 1775 587 1838 lixistigaagm.
607 1775 655 1802 lib.
676 1776 687 1802 I
707 1779 739 1802 61
755 1776 802 1803 Kr.
821 1778 831 1811 ΙΙ
853 1780 887 1803 24
907 1785 974 1804 sane
994 1778 1136 1804 sciendum
1156 1799 1162 1804 .
1178 1800 1183 1805 .
1201 1800 1206 1805 .
1228 1778 1396 1814 significare]
1417 1780 1451 1806 cf.

241 1885 254 1909 1
275 1883 391 1915 fortasse
410 1884 441 1909 ut
460 1883 484 1909 si
504 1882 565 1916 quis
585 1883 747 1910 dissuadeat
769 1884 778 1918 ΙΙ
801 1887 817 1910 3
833 1886 897 1917 post
914 1884 1032 1918 potestis
1051 1892 1108 1911 non
1126 1885 1206 1911 nulla
1225 1886 1395 1913 intercidisse
1412 1887 1452 1914 vi-

167 1919 280 1951 dentur,
305 1919 389 1945 veluti
413 1919 478 1945 haec
501 1927 553 1952 ego
577 1918 673 1953 fugere
697 1927 753 1945 non
776 1919 864 1946 debeo
887 1928 939 1946 nec
963 1928 1083 1954 possum.
1122 1921 1155 1953 ef.
1176 1920 1306 1948 Donatus
1325 1923 1362 1948 ad
1380 1923 1453 1950 hunc

167 1962 279 1980 versum.
299 1955 424 1981 dissentit
443 1954 479 1981 F.
493 1954 644 1980 Sehoellius
658 1955 793 1981 coniciens
812 1955 871 1987 (lin.
888 1956 914 1989 1)
933 1956 964 1981 ut
979 1955 1091 1989 oblique
1111 1956 1273 1983 dissuadeat
1286 1966 1342 1984 nou
1357 1967 1452 1992 supcr-

168 1989 320 2016 vivendum
338 1990 413 2024 patri
432 1990 543 2016 Aeneae
557 1990 567 2024 11
586 1993 602 2016 4
622 1990 657 2016 ab
676 1990 772 2016 invitis
793 1991 963 2017 Masvieius:
982 1999 1018 2017 an
1036 1991 1133 2018 inuitis
1149 1991 1172 2018 0
1183 1992 1192 2026 ΙΙ
1207 1993 1306 2027 anuos]
1328 1993 1389 2020 orbi
1404 1993 1428 2020 0
1444 1994 1452 2029 Η

169 2029 184 2051 6
204 2026 241 2052 ad
259 2033 283 2052 v.
305 2028 356 2052 639
376 2026 486 2060 Integer
510 2026 573 2052 aeui
597 2026 722 2060 sanguis]
750 2026 863 2059 plenam
882 2027 1005 2053 aetatem
1025 2027 1166 2061 significat
1185 2036 1218 2054 ex
1236 2028 1384 2063 sanguine,
1404 2030 1451 2063 qui

168 2062 316 2101 (qum-non
337 2062 381 2088 est
398 2061 521 2095 integer,
541 2061 596 2087 nisi
615 2061 644 2087 in
662 2061 824 2102 iuuenibus..
838 2062 866 2088 P
880 2063 889 2096 ΙΙ
901 2065 928 2102 '7
948 2062 978 2088 in
995 2070 1044 2102 ⁰.m·
1067 2063 1120 2090 Me
1142 2064 1151 2097 ΙΙ
1176 2066 1206 2089 11
1228 2064 1340 2098 1101101111]
1361 2064 1389 2090 id
1409 2066 1452 2091 est

166 2097 1451 2169 33215110„533³·ss{iffiiggsy-effsssspssgyssgffi]vzssffitssffiffi·532¹ss152313224123522

166 2175 266 2193 manus
279 2175 347 2194 saec.
360 2167 439 2195 XII.
451 2169 548 2201 posuit
561 2171 586 2195 et
599 2169 630 2194 in
644 2177 729 2202 mary.
745 2169 811 2195 haec
824 2169 972 2202 adscripsit
986 2169 1059 2196 inter
1072 2169 1123 2196 has
1138 2170 1240 2204 figuras
1254 2170 1284 2196 in
1298 2171 1362 2197 aliis
1378 2173 1451 2198 serui

167 2202 247 2229 libris
266 2203 400 2237 scriptum
419 2212 475 2231 11011
489 2203 634 2230 inuentum
650 2205 697 2230 est.
713 2205 723 2238 ΙΙ
737 2204 776 2238 et]
792 2205 825 2230 ut
840 2205 894 2230 Me
907 2205 916 2239 ΙΙ
936 2207 968 2231 18
983 2213 1032 2231 uos
1047 2205 1081 2231 H
1090 2206 1100 2239 ΙΙ
1115 2208 1147 2232 19
1163 2205 1219 2232 illis
1234 2206 1268 2232 H
1278 2207 1288 2240 ΙΙ
1302 2206 1450 2233 debentem

167 2237 233 2264 ullis
247 2238 278 2264 E
289 2239 347 2272 1120
362 2240 488 2266 nostrum
504 2239 539 2266 F.
552 2239 702 2266 Schoellius
716 2240 774 2266 coll.
791 2240 828 2266 ad
841 2240 911 2266 Aen.
923 2240 960 2267 VI
971 2243 1035 2267 362:
1051 2249 1117 2267 uero
1134 2240 1157 2268 0
1173 2249 1262 2275 aquae
1277 2242 1428 2268 Fabricius
1443 2268 1449 2276 ,Ἰ

168 2276 201 2299 21
221 2272 285 2300 ideo
303 2275 398 2308 vulyo:
417 2275 488 2302 adeo
508 2276 574 2302 libri
587 2276 596 2309 ΙΙ
610 2275 770 2309 generalem
785 2275 900 2302 deorum
913 2284 1015 2303 nomen
1030 2277 1063 2302 H
1073 2277 1083 2310 ΙΙ
1097 2277 1137 2311 et]
1158 2277 1206 2303 sed
1220 2277 1245 2303 L
1259 2278 1269 2311 ΙΙ
1283 2281 1316 2303 22
1333 2277 1450 2304 caelico-

167 2309 212 2335 lae
228 2308 251 2335 C'
262 2310 272 2342 n
285 2308 315 2336 di
334 2310 368 2336 H
377 2311 387 2344 ΙΙ
404 2313 438 2336 23
459 2312 496 2338 ad
513 2319 538 2338 v.
554 2314 605 2338 642
626 2311 699 2337 Satis
719 2311 869 2345 superque]
890 2312 926 2338 ad
946 2313 1128 2346 augmentum
1149 2312 1311 2346 ‘superque'
1332 2313 1449 2339 addidit.

169 2352 235 2370 sane
254 2344 397 2372 sciendum
416 2347 459 2372 est
477 2366 483 2372 .
500 2367 506 2372 .
523 2368 528 2373 .
548 2346 712 2380 significare.
728 2346 776 2380 Pu
789 2346 868 2373 addit
882 2347 908 2373 L
928 2347 1049 2381 (addidit
1062 2349 1081 2381 l)
1097 2349 1105 2381 ΙΙ
1120 2351 1154 2374 24
1172 2349 1285 2374 temesis
1301 2348 1367 2374 LH
1388 2348 1450 2375 the-

169 2379 253 2407 mesis
268 2380 339 2407 ME
354 2382 365 2415 u
387 2384 420 2407 25
441 2382 508 2409 satis
526 2383 688 2409 maiusculis
706 2383 804 2409 litteris
822 2382 860 2417 L,
879 2391 929 2410 om.
951 2383 988 2409 M
991 2383 1035 2410 El
1053 2385 1062 2418 ΙΙ
1083 2387 1116 2411 26
1138 2383 1206 2412 satis
1225 2391 1275 2410 om.
1295 2383 1450 2417 Stephanus

1474 461 1489 484 5

1475 728 1508 752 10

1476 995 1508 1019 15

1474 1263 1508 1286 20

1464 1530 1507 1553 25
