1722 2670
482 107 596 135 001111.
615 107 655 134 m
674 107 780 135 vane.
799 107 884 135 AEN.
904 109 950 136 111.
972 112 1119 136 109—116.
1371 109 1437 141 363
1462 105 1467 109 '

160 191 249 223 ceteri
276 191 463 231 adfirmant:
500 199 576 221 nam
603 191 632 221 et
657 189 701 221 ibi
723 189 946 230 Proserpinam
973 190 1040 222 ideo
1068 201 1090 222 a
1119 191 1251 232 Veryilio
1281 191 1440 223 dominam

157 245 359 286 appellatam,
392 244 474 285 qnod
498 244 568 285 ipsa
596 245 680 275 terra
702 253 764 276 esse
786 244 917 285 dicatur,
949 244 1029 276 sient
1046 247 1079 291 et
1100 247 1199 277 mater
1222 245 1320 277 deuon.
1365 255 1440 277 sane

158 298 271 330 fabula
293 298 371 330 talis
395 299 453 329 est.
501 296 665 329 Schoenos
690 297 804 329 civitas
829 299 887 329 est.
934 297 1047 330 exinde
1070 298 1133 329 fuit
1155 298 1248 340 virgo
1273 298 1438 340 Atalante,

104 386 106 390 ,
158 350 302 384 Schoenei
323 351 401 392 fiilia,
424 351 617 392 praepotens
634 361 739 392 cursu,
763 350 842 383 adeo
867 353 913 392 ut,
936 361 1005 382 cum
1023 360 1202 391 responsam
1219 352 1387 393 accepisset,
1409 362 1440 384 se

153 407 226 446 post
247 405 381 446 nuptias,
403 406 439 435 nt
460 404 588 444 quidam
610 404 724 445 volant,
747 404 958 444 interituram,
981 406 1016 435 nt
1037 404 1165 444 quidam
1188 414 1267 443 vero,
1290 406 1324 437 in
1347 407 1438 437 nata-

159 469 230 490 ram
260 458 359 490 aliam
387 457 650 497 commutandam,
684 469 819 499 sponsos
850 459 1044 499 provocatos
1074 468 1111 489 ac
1139 458 1242 490 victos
1271 458 1440 490 occideret.

159 514 273 554 postea
286 511 507 553 Hippomenes
522 510 684 543 Venerem
708 513 745 543 ut
768 511 831 543 sibi
854 511 888 543 in
907 521 940 543 eo
959 512 1124 543 certamine
1147 511 1274 543 adesset
1297 511 1440 553 rogavit:

160 577 180 598 a
202 576 264 607 qua
288 576 361 597 cum
385 564 563 606 accepisset
587 564 625 596 de
649 564 744 596 horto
760 563 978 605 Hesperidum
1001 564 1065 596 tria
1087 565 1174 601 mala
1198 576 1303 607 aurea,
1326 576 1440 606 provo-

160 618 246 651 cavit
267 618 410 660 puellam
434 618 473 650 ad
498 629 627 650 cursum
657 620 690 650 et
719 628 789 650 cum
815 628 846 650 se
872 618 987 650 videret
1009 628 1099 659 posse
1125 619 1279 659 superari,
1313 618 1441 660 singula

160 671 267 714 coepit
290 673 403 704 iacere.
432 673 510 704 tunc
533 671 699 714 Atalante,
723 671 901 713 cupiditate
926 671 1184 714 colligendorum
1208 672 1369 704 malorum
1392 684 1439 705 re-

160 727 261 767 tenta,
284 727 438 767 superata
461 727 520 758 est.
566 725 622 757 sed
644 725 866 767 Hippomenes
890 725 1015 767 potitus
1040 725 1190 767 victoria,
1214 737 1283 758 eum
1303 727 1441 768 qratiam

166 779 276 811 Veneri
297 779 343 811 vel
366 778 476 811 oblitus
498 781 583 821 esset,
615 779 661 811 vel
687 779 867 820 neglexisset
889 779 1014 820 referre,
1047 779 1175 820 inpulsu
1208 781 1273 812 eins
1310 780 1344 812 in
1367 780 1440 812 luco

161 832 276 864 matris
305 831 400 864 deum
428 832 549 864 amoris
572 832 769 874 inpatientia
806 843 878 864 cum
912 832 999 864 victa
1022 833 1203 865 concubuit.
1250 833 1333 864 unde
1357 833 1441 865 irata

160 885 221 918 dea
243 885 278 918 in
301 885 412 923 leones
436 897 490 917 eos
515 885 677 917 convertit
707 887 739 917 et
763 896 820 917 suo
846 885 953 917 currui
987 885 1176 928 subiugavit
1208 888 1240 918 et
1267 887 1441 928 praecepit,

159 950 200 970 ne
229 950 338 971 secum
366 950 518 981 umquam
546 939 656 971 leones
686 939 819 971 coirent.
865 949 941 971 nam
966 940 998 970 et
1022 939 1146 971 Plinius
1170 939 1205 971 in
1227 940 1370 972 naturali
1393 940 1441 971 hi-

161 993 264 1025 storia
293 993 372 1025 dicit
399 993 527 1025 leonem
555 1004 627 1025 cum
656 992 823 1034 pardalide
847 992 985 1031 libenter,
1019 994 1050 1024 et
1073 993 1210 1034 pardum
1235 1004 1306 1025 cum
1330 994 1444 1026 leaena

161 1046 382 1079 concumbere.
428 1047 500 1079 ideo
525 1048 634 1078 autem
658 1048 762 1078 mater
786 1046 881 1078 deum
905 1057 1000 1078 curru
1023 1046 1096 1078 vehi
1121 1047 1248 1089 dicitur,
1273 1047 1348 1089 quia
1371 1048 1444 1089 ipsa

161 1101 212 1132 est
235 1101 336 1142 terra,
360 1111 442 1142 quae
465 1100 584 1142 pendet
607 1101 640 1132 in
666 1102 751 1132 aere:
784 1100 856 1132 ideo
882 1100 1061 1132 sustinetur
1084 1100 1181 1142 rotis,
1205 1101 1281 1143 quia
1304 1101 1442 1133 mundus

160 1155 288 1186 rotatur
312 1156 346 1185 'et
369 1154 522 1186 volubilis
548 1156 609 1186 est:
643 1154 716 1186 ideo
746 1154 774 1186 ei
798 1154 1015 1196 subiugantur
1038 1154 1162 1196 1001103,
1194 1156 1231 1186 ut
1255 1155 1444 1187 ostendatur

161 1208 342 1239 maternam
365 1207 523 1248 pietatem
547 1209 653 1239 totum
676 1218 772 1249 posse
793 1218 957 1249 superare:
981 1207 1053 1239 ideo
1074 1206 1277 1249 Corybantes
1297 1208 1364 1240 eius
1384 1208 1443 1240 mi-

160 1260 257 1292 nistri
282 1272 354 1292 cum
379 1261 501 1293 strictis
526 1260 644 1303 gladiis
670 1272 740 1293 esse
764 1261 939 1303 finguntur,
962 1262 1000 1292 ut
1024 1261 1224 1302 significetur
1249 1272 1360 1293 omnes
1384 1272 1442 1302 pro

161 1315 250 1346 terra
280 1325 339 1345 sua.
369 1313 484 1346 debere
514 1324 670 1356 pugnare.
718 1314 802 1356 quod
833 1316 942 1346 autem
970 1315 1122 1346 turritam
1150 1316 1259 1356 gestat
1283 1325 1443 1356 coronam,

162 1367 303 1400 ostendit
330 1368 553 1409 superpositas
576 1369 683 1400 terrae
707 1379 777 1400 esse
802 1367 964 1410 civitates,
993 1379 1073 1410 quas
1097 1368 1273 1410 insignitas
1298 1369 1443 1400 turribus

163 1422 301 1453 constat.
342 1420 423 1453 hanc
444 1422 571 1453 eandem
593 1432 679 1453 eram
702 1422 863 1462 amrellari,
886 1421 940 1453 hoc
963 1424 1007 1453 est
1029 1422 1188 1454 dominam
1211 1423 1347 1454 tradant.
1385 1422 1444 1454 alii

162 1475 300 1515 ipsorum
325 1475 445 1506 leonum
467 1475 626 1507 dominam
649 1485 670 1506 a
699 1475 831 1516 Veryitio
855 1475 970 1507 dictam
993 1475 1198 1507 arbitrantur.

255 1529 326 1560 114.
363 1541 469 1560 mym-
483 1541 602 1561 worm·
624 1541 680 1565 QVA
705 1541 789 1561 IVSSA
813 1531 841 1561 et
862 1529 1066 1561 necessarium
1084 1529 1191 1570 posuit
1213 1531 1241 1561 et
1262 1529 1428 1561 honestum.

255 1581 325 1613 115.
363 1590 492 1614 GNOSIA
516 1590 633 1614 REGNA
657 1581 797 1624 Cretam,
821 1594 840 1614 a
865 1582 974 1614 Gnoso
1001 1583 1132 1615 civitate
1158 1583 1233 1615 eius.
1340 1581 1444 1616 (1111οεῖιῖ

162 1648 259 1667 REGNA
279 1647 415 1667 prmum
439 1636 493 1675 [et]
516 1637 560 1667 est
581 1638 797 1676 aryumentam
820 1646 840 1667 a
857 1636 1009 1676 possibili.

255 1689 327 1720 116.
365 1697 432 1720 NEC
457 1697 577 1737 Leuso
603 1698 755 1721 D1s'rANT
781 1697 889 1721 cvRsv
914 1700 933 1720 a
956 1689 1039 1721 Delo
1065 1689 1197 1721 scilicet.
1235 1692 1264 1721 et
1285 1692 1329 1722 est
1350 1700 1444 1730 arqu-

235 1807 250 1829 3
270 1803 367 1829 fabula.
385 1803 450 1829 talis
469 1803 513 1829 est
531 1812 554 1830 e.
575 1812 600 1836 q.
621 1803 654 1838 s.]
679 1811 763 1829 exsor.
783 1803 922 1837 mythogr.
942 1803 954 1829 Ι
974 1806 1007 1830 39
1028 1803 1056 1829 et
1074 1803 1100 1829 Π
1120 1806 1152 1829 47
1167 1803 1177 1837 ΙΙ
1193 1806 1225 1829 15
1246 1803 1364 1838 Plinius]
1384 1804 1441 1830 nat.

163 1838 227 1866 hist.
248 1838 313 1865 VIII
332 1841 387 1871 §41
405 1847 465 1872 sqq.
485 1839 494 1872 ΙΙ
510 1842 541 1865 17
560 1838 624 1865 ideo
643 1839 738 1865 autem
757 1846 779 1865 e.
800 1848 825 1872 q
846 1839 879 1873 s.]
900 1846 985 1865 exscr.
1006 1838 1070 1865 Isid.
1092 1838 1162 1873 orig
1184 1838 1248 1865 VIII
1269 1841 1310 1872 11,
1330 1842 1363 1865 63
1384 1847 1443 1872 sqq.

164 1875 193 1901 et
211 1874 350 1908 mythogr.
370 1874 408 1900 III
428 1878 453 1908 2,
473 1878 488 1900 3

165 1981 281 2008 bendum
302 1982 410 2008 videtur
433 1980 576 2008 dominam
600 1980 656 2007 dici
675 1981 764 2007 Varro
789 1980 872 2007 docet
894 1981 903 2014 ΙΙ
926 1981 1013 2007 Varro
1033 1980 1155 2007 affirmat
1173 1980 1315 2007 dominam
1334 1980 1445 2015 proprie

166 2018 286 2044 matrem
305 2017 394 2058 Deum
418 2016 474 2043 dici
492 2017 617 2043 Ambros.
641 2017 650 2050 ΙΙ
673 2020 688 2042 3
710 2016 863 2051 Schoenos]
887 2016 986 2050 chyros
1006 2016 1036 2042 F
1063 2016 1180 2051 Schyres
1199 2016 1264 2042 LH
1280 2018 1406 2050 (scoenos
1426 2017 1445 2050 l)

168 2061 262 2086 scyros
282 2053 320 2078 M
346 2052 431 2080 seiros
446 2052 481 2078 Ε
493 2053 502 2086 ΙΙ
517 2052 656 2079 atalantes
676 2051 707 2078 F
718 2052 727 2085 ΙΙ
741 2055 758 2078 4
778 2051 914 2078 Schoenei
934 2052 1104 2079 Masvicius:
1127 2052 1234 2086 cycinei
1253 2052 1284 2078 F
1298 2053 1308 2086 ll
1327 2054 1342 2078 5
1362 2052 1446 2079 interi

165 2087 341 2114 interituram
361 2088 391 2114 F
410 2089 420 2122 ΙΙ
444 2091 458 2115 7
478 2088 641 2122 ippomenes
662 2087 692 2113 F
695 2088 727 2114 H
755 2095 906 2121 ypomenes
922 2088 947 2113 L
968 2089 978 2122 ΙΙ
1001 2091 1016 2114 9
1036 2088 1072 2114 ad
1091 2096 1202 2115 cursum
1218 2087 1259 2114 F:
1286 2088 1316 2114 in
1335 2096 1445 2114 cursum

168 2124 205 2149 M
236 2123 265 2150 in
293 2132 373 2150 cursu
401 2124 443 2156 E,
471 2132 521 2151 om.
551 2123 617 2149 LH
637 2124 647 2157 ΙΙ
671 2126 702 2149 11
732 2123 895 2157 ippomenes
925 2123 1032 2149 FLH
1055 2124 1065 2158 n
1096 2124 1207 2164 potitur
1230 2123 1256 2149 L
1283 2124 1292 2157 ss
1321 2126 1353 2149 13
1382 2132 1445 2150 cum

166 2158 244 2186 uicta
266 2159 410 2186 athalanta
435 2159 556 2193 (atlante.
574 2159 615 2192 Ε)
637 2159 707 2185 ΜΕ
732 2159 741 2193 ΙΙ
770 2161 803 2184 15
827 2158 936 2192 plenius
956 2158 987 2185 F
1011 2160 1020 2193 ss
1049 2162 1081 2186 16
1100 2158 1244 2193 pardalide
1264 2159 1338 2185 LII:
1357 2159 1446 2192 parda

168 2194 240 2220 ΕΜ
243 2194 287 2220 El
300 2195 309 2228 [Ι
324 2197 356 2221 17
376 2195 469 2229 curru]
490 2203 554 2221 cum
572 2195 601 2221 ui
622 2194 652 2220 F
662 2196 672 2229 ΙΙ
688 2198 719 2221 19
739 2193 903 2221 reuolubilis
921 2194 987 2221 ΕΗ
1008 2195 1200 2229 mythoyraphi
1218 2195 1228 2229 ΙΙ
1242 2194 1446 2236 subiungantur

170 2229 228 2256 FL
242 2231 252 2264 fl
265 2233 298 2256 21
319 2230 413 2256 stratis
432 2230 462 2256 F
473 2231 483 2265 ΙΙ
501 2239 551 2265 pro
570 2231 658 2265 terra]
678 2230 827 2264 propterea
845 2230 879 2256 H
889 2231 898 2264 ΙΙ
917 2233 950 2256 23
970 2230 1126 2264 insignatas
1146 2230 1204 2256 FL
1223 2229 1380 2264 (insignitas
1400 2230 1439 2262 l)
1438 2247 1446 2263 ‚

168 2269 202 2292 26
222 2275 321 2292 meva-r
342 2265 371 2291 F
392 2266 401 2299 ΙΙ
423 2269 456 2293 27
477 2266 614 2293 cretensia
637 2274 654 2292 a
677 2274 762 2300 gnoso
783 2265 814 2291 F
839 2266 944 2292 cretam
963 2274 1068 2293 annoso
1087 2266 1113 2292 L
1131 2266 1160 2299 (a
1178 2274 1265 2300 311030
1284 2266 1303 2298 Z)
1324 2265 1446 2291 oroetam

167 2310 185 2327 a.
202 2309 297 2370 gnoso)
309 2300 343 2327 H
367 2301 444 2328 creta
464 2310 567 2336 gnosco
588 2302 626 2328 M
647 2301 762 2336 (cretica
781 2309 798 2328 a
816 2309 903 2336 gnoso
922 2302 959 2335 m)
979 2302 1084 2328 cretam
1104 2309 1226 2336 agnosco
1245 2301 1274 2327 Ε
1297 2299 1410 2334 (cretica
1429 2308 1446 2326 a.

166 2345 255 2371 gnoso
274 2345 287 2363 e

1461 677 1493 700 10

1462 945 1495 969 15

1463 1213 1496 1236 20

1462 1480 1495 1504 25
