1722 2670
479 131 592 159 COMM.
611 132 651 159 IN
670 132 777 161 VERG.
797 133 879 160 AEN.
900 134 947 161 111.
968 137 1116 163 348—359.
1374 136 1454 169 405·

157 214 270 246 volunt.
357 222 566 246 AMPLEOTOR
588 215 626 245 ut
649 213 702 255 <II
726 214 813 256 490>
837 216 1111 258 amplexaeque
1139 219 1276 250 tenent
1307 220 1439 260 postes

158 269 274 309 atque
298 267 431 300 oscula
453 267 596 309 figunt:
619 267 710 308 quasi
732 268 776 300 ad
798 268 926 300 Troiam
945 271 1136 312 pervenisset.

247 321 322 353 352.
358 329 486 353 TEvcm
509 331 568 362 pro
593 320 797 353 Teucriadae.

247 374 323 406 353.
363 382 490 406 AMPLIS
529 373 614 416 quod
647 376 696 406 est
728 375 838 417 regiae
871 375 1115 417 magnitudinis.
1232 387 1438 411 AccnuEBA‘r

157 427 324 469 pascebat,
351 430 387 459 ut
410 427 580 460 Terentius
605 428 751 469 accipit
774 428 884 460 homo
907 440 1017 462 nemo
1041 431 1179 463 melius
1203 443 1325 474 neque
1351 444 1436 474 pro·
1457 438 1473 462 5

157 481 298 513 lixius.

246 534 321 567 354.
357 542 463 566 AVLAI
487 545 547 575 pro
572 535 680 577 aulae3
713 537 746 567 et
770 537 820 568 est
844 536 998 568 diaeresis
1022 537 1060 569 de
1085 537 1210 571 Graeca
1233 539 1361 571 ratione
1385 550 1438 571 ve-

155 588 261 630 niens,
298 598 435 630 quorum
464 586 534 620 ‘ae'
563 588 786 631 diphthongos
815 589 960 621 resoluta
988 591 1072 631 apud
1100 602 1160 623 nos
1189 591 1269 623 duas
1294 592 1438 634 syllabas

155 642 244 674 facit.
279 641 355 674 aula
377 643 480 673 autem
497 642 625 682 proprie
647 642 761 674 dicitur
783 653 861 683 quae
883 643 1075 676 concluditur
1091 645 1262 684 porticibus
1285 648 1437 688 quattuor,

154 696 235 728 unde
256 695 398 736 sincerius
421 694 613 736 ‘porticibus'
636 696 724 728 dixit.
1458 705 1490 735 19

243 748 317 781 355.
361 761 502 781 [Neoslrls
526 762 605 781 Arno
632 762 760 781 DAPIBVS
797 749 832 781 id
866 752 911 781 cst
946 760 1014 782 cum
1051 751 1202 791 inpositas
1234 762 1312 784 auro
1345 753 1437 794 dapes

154 803 282 836 haberet.

243 856 317 888 356.
354 868 509 888 PROGESSIT
528 858 651 888 ezaetus
674 858 726 888 est.
799 869 900 888 Amen:
924 869 995 888 VELA
1017 870 1127 890 vocam*
1141 857 1302 900 hypallayc
1320 861 1364 891 est
1376 870 1437 900 pro

155 909 265 942 ‘auras
286 909 418 942 vocant’.

243 963 318 995 357.
355 972 530 996 CARBASVS
558 966 663 995 utrum
692 963 827 995 aliorum
855 964 910 1004 qui
931 964 1128 1006 naviyabant,
1151 976 1194 997 an
1218 966 1372 1006 ipsorum:
1409 969 1438 998 ct
1458 971 1489 995 15

152 1020 259 1049 utrum
282 1016 438 1055 ‘tumidess
461 1027 504 1048 an
529 1016 681 1048 ‘tumidus
705 1016 834 1055 auster’,
858 1019 893 1048 ut
914 1017 1090 1057 pallidus
1115 1018 1253 1051 Orcus?
1290 1020 1436 1053 carbasus

152 1073 255 1103 autem
287 1080 388 1112 genus
421 1070 479 1102 lini
512 1072 576 1112 est,
611 1070 695 1112 quod
724 1070 856 1102 abusive
886 1071 1075 1113 plerumque
1105 1083 1164 1113 pro
1193 1072 1265 1104 velo
1294 1073 1436 1114 ponitur.

152 1135 229 1156 sane
252 1124 287 1156 iu
310 1134 444 1156 numero
470 1123 628 1166 singulari
653 1123 747 1155 ‘haec
771 1123 944 1156 carbasus'
969 1124 1114 1166 dicimus,
1139 1125 1175 1156 in
1197 1126 1315 1166 plurali
1341 1126 1435 1158 ‘haec

153 1177 311 1210 carbasa'.

243 1231 317 1263 359.
354 1239 557 1263 TROIVGENA
581 1242 618 1262 ac
638 1230 666 1262 si
686 1230 807 1263 diceret
827 1230 1014 1273 ‘generose',
1038 1232 1075 1263 ut
1094 1231 1173 1263 alibi
1192 1231 1244 1272 <V
1258 1232 1323 1273 45>
1343 1232 1433 1264 Dar·
1453 1238 1487 1262 20

153 1284 315 1316 danidae
339 1284 468 1326 magni
491 1295 610 1326 genus
635 1284 717 1316 alto
737 1296 756 1316 a
776 1285 964 1327 sanguine
984 1285 1120 1316 divum.
1144 1284 1308 1317 Sciendum
1324 1288 1434 1328 tamen,

150 1339 230 1371 sicut
251 1341 361 1370 veteres·
384 1340 521 1370 auctores
544 1338 723 1379 adfirmant,
740 1338 948 1379 peritissimos
971 1339 1175 1378 auquriorum
1197 1341 1225 1370 et
1246 1339 1385 1371 Aeneam
1407 1343 1436 1372 ct

146 1392 302 1433 plurimos
332 1392 430 1431 fuisse
464 1391 624 1427 Troianos.
670 1402 733 1423 non
767 1391 849 1423 nulli
880 1394 984 1423 autem
1016 1392 1124 1423 dicunt
1155 1402 1175 1423 a
1202 1392 1338 1434 Marsya
1368 1404 1435 1434 reye

151 1446 261 1477 missos
283 1455 299 1476 e
321 1444 461 1486 Pliryyia
484 1447 630 1486 regnante
651 1445 780 1486 Fauno,
807 1445 862 1485 qui
889 1445 1086 1485 disciplinam
1113 1446 1316 1486 auguriorum
1339 1446 1434 1479 Italis

151 1499 352 1531 ostenderunt.
398 1508 467 1539 erqo
495 1497 704 1539 ‘Troiuyena'
733 1498 799 1530 sine
826 1498 916 1530 dubio
945 1499 1149 1539 auyuriorum
1177 1500 1206 1530 et
1231 1493 1433 1532 divinationis
1452 1506 1486 1529 25

145 1553 267 1593 peritus
290 1554 340 1584 est.
440 1560 635 1584 INTERPRES
659 1551 864 1593 vaticinator,
888 1552 943 1593 qui
966 1553 1107 1583 mentem
1131 1551 1264 1595 deorum
1288 1553 1432 1585 mortali-

152 1606 213 1638 bus
236 1605 395 1648 publicas.
442 1605 498 1637 sed
522 1605 598 1646 quia
621 1605 809 1647 ‘interpres’
839 1606 989 1646 generale
1013 1616 1132 1637 nomen
1156 1608 1217 1647 est,
1251 1607 1351 1639 currit
1374 1619 1432 1649 per

154 1659 293 1701 species3
315 1670 401 1700 nam,
424 1660 461 1690 ut
485 1658 532 1690 ait
557 1657 680 1700 Cicero,
704 1658 810 1690 omnis
835 1658 999 1691 divinandi
1023 1659 1142 1700 peritia
1164 1659 1199 1691 in
1222 1659 1301 1692 duas
1321 1663 1430 1701 partes

152 1712 321 1745 dividitur:
354 1723 430 1743 nam
455 1714 512 1744 aut
535 1711 624 1743 furor
648 1713 711 1753 est,
744 1713 780 1743 ut
804 1712 838 1743 in
861 1712 1128 1744 vaticinantibus:
1162 1715 1218 1744 aut
1242 1724 1308 1755 arS,
1337 1715 1373 1745 ut
1395 1714 1430 1746 in

152 1766 369 1808 aruspicibus,
403 1765 584 1808 [fulguritis
614 1765 695 1805 sive]
724 1765 994 1807 fulguratoribus,
1028 1766 1213 1808 auguribus.
1261 1769 1293 1798 et
1322 1767 1432 1799 omnia
1451 1777 1485 1800 30

224 1857 239 1880 5
239 1853 425 1923 Terentius}
444 1861 504 1880 eun.
525 1853 550 1879 V
569 1856 599 1886 8,
618 1855 652 1879 52
674 1853 789 1887 ‘accipit
806 1853 891 1880 homo
910 1861 991 1879 nemo
1011 1853 1110 1880 melius
1129 1861 1241 1888 prorsus
1261 1861 1351 1888 neque
1369 1862 1431 1888 pro-

152 1889 247 1916 lixius’
272 1890 281 1923 ΙΙ
306 1892 338 1915 16
378 1889 405 1915 al
418 1889 479 1915 idus
500 1888 599 1923 Orcus]
623 1897 719 1923 georg.
739 1889 751 1915 I
770 1892 821 1915 277
845 1889 854 1922 fl
884 1891 915 1915 18
936 1897 1001 1915 sane
1022 1909 1027 1914 .
1050 1910 1054 1915 .
1076 1910 1081 1915 .
1102 1889 1230 1923 carbasa]
1251 1889 1284 1916 cs.
1305 1889 1432 1924 Pompeii

154 1934 253 1952 comm.
272 1934 299 1959 p.
320 1898 379 1958 1621),
399 1927 433 1951 25
448 1924 480 1950 Κ.
496 1924 505 1958 ΙΙ
519 1927 552 1951 28
573 1924 681 1959 Cicero]
702 1925 736 1951 cf.
757 1924 790 1951 de
810 1924 864 1950 div.
885 1925 909 1951 ΙΙ
931 1927 971 1957 11,
991 1927 1033 1951 26.
1054 1925 1064 1950 Ι
1085 1927 1109 1958 6,
1130 1928 1160 1951 11
1178 1933 1217 1958 sq.
1239 1926 1267 1951 et
1287 1928 1328 1958 18,
1348 1928 1382 1952 3'4

226 2009 239 2032 1
259 2014 412 2032 aurunci-01³
430 2005 521 2038 teneo,
540 2006 572 2031 ut
591 2004 789 2038 amplexaeque
809 2013 828 2032 e.
849 2014 872 2039 q.
892 2013 912 2031 s.
928 2004 1079 2031 Fabricius
1106 2014 1261 2031 Ammo-,rou
1279 2013 1329 2039 pro
1348 2006 1431 2033 teneo

153 2042 185 2068 ut
204 2050 224 2069 e.
244 2050 268 2075 q.
288 2049 307 2067 s.
329 2040 484 2074 Stephanus
498 2041 607 2074 primus
621 2041 630 2074 ΙΙ
645 2043 659 2066 2
677 2040 771 2067 oscula
789 2040 879 2080 figunt
898 2048 947 2067 om.
963 2040 993 2066 F
1004 2041 1014 2073 {l
1028 2039 1108 2073 quasi
1126 2040 1162 2066 ad
1178 2039 1291 2067 Troiam
1309 2041 1432 2068 venisset

154 2078 214 2112 (sic)
233 2079 298 2111 post
315 2077 397 2103 teneo
417 2077 506 2103 colloc.
527 2076 630 2103 Daniel
653 2077 677 2109 ΙΙ
685 2079 700 2102 5
721 2084 805 2110 accep
807 2075 831 2102 it
849 2076 912 2102 LH
917 2076 954 2102 M
958 2076 988 2102 E
1009 2076 1019 2110 fl
1040 2083 1122 2102 nemo
1142 2076 1241 2102 melius
1262 2076 1311 2102 M.
1330 2076 1431 2103 melius

150 2121 232 2140 nemo
250 2112 350 2146 reliqui
362 2113 372 2146 [Ι
387 2115 401 2138 ’1
421 2112 486 2138 aula
507 2111 530 2138 C
540 2113 550 2145 ΙΙ
566 2115 597 2138 11
616 2111 754 2146 inpositos
773 2111 803 2137 F
814 2113 823 2145 ΙΙ
839 2115 871 2138 16
890 2111 989 2138 hortus
1008 2111 1039 2138 F
1050 2112 1059 2145 ΙΙ
1075 2113 1107 2138 18
1125 2111 1155 2137 in
1173 2111 1276 2145 plurali
1295 2113 1389 2139 autem
1404 2113 1430 2138 L

153 2149 223 2175 haec
242 2148 373 2180 omittens,
391 2148 464 2181 quod
482 2148 617 2181 supplerit
637 2147 669 2181 ΖΙΙ
687 2150 719 2173 21
741 2147 882 2174 sciendum
901 2146 974 2173 sicut
991 2148 1101 2174 veteres
1120 2147 1268 2174 adfirmant
1287 2168 1293 2173 .
1314 2168 1319 2174 .
1341 2169 1347 2174 .
1367 2156 1428 2182 per—

150 2184 207 2210 itus
230 2184 273 2210 est
294 2183 356 2210 hab.
376 2184 500 2210 Anthios.
524 2183 533 2217 ΙΙ
556 2186 589 2209 23
610 2183 743 2210 Troianos
764 2182 848 2210 fuisse
868 2183 992 2210 Ambros.
1016 2184 1025 2216 ΙΙ
1048 2183 1156 2218 autem]
1175 2183 1270 2209 tamen
1289 2183 1430 2210 Ambros
1428 2212 1429 2217 ¹

152 2220 245 2253 Marsy
247 2227 264 2246 a
284 2218 476 2246 Commelinus:
495 2227 606 2246 marsoa
626 2218 656 2245 F
681 2219 773 2245 Marso
792 2219 916 2245 Ambros
935 2219 945 2253 ΙΙ
963 2222 997 2245 24
1016 2218 1194 2252 displicinam
1214 2218 1244 2244 F
1255 2219 1265 2252 ss
1285 2222 1318 2245 25
1338 2219 1429 2245 osten-

151 2255 250 2282 der-ent
268 2254 372 2280 Daniel
386 2255 496 2288 primus
515 2255 524 2288 ΙΙ
543 2258 576 2281 26
596 2255 639 2281 est
657 2254 796 2281 Ambros.:
815 2263 874 2281 esse
894 2254 924 2280 F
940 2254 949 2288 ΙΙ
968 2257 1002 2281 29
1022 2255 1054 2281 ut
1071 2253 1147 2281 furor
1165 2254 1191 2280 L
1210 2255 1270 2287 (aut
1288 2254 1364 2280 furor
1384 2255 1428 2287 ἶ)

152 2291 202 2317 ant
221 2290 250 2316 in
268 2289 486 2317 uaticinantibus
506 2290 536 2316 1
547 2291 556 2323 ΙΙ
571 2293 605 2316 30
619 2289 761 2324 fulguritis
780 2290 837 2316 siue
856 2289 935 2324 fulgu
937 2290 1075 2317 tatoribus
1090 2289 1120 2316 F
1144 2289 1288 2324 fulguritis
1303 2289 1361 2316 siue
1376 2289 1428 2315 ful-

155 2325 332 2360 goratoribus
349 2325 423 2352 GHe
450 2326 511 2360 fulg
513 2325 592 2352 oritis
612 2325 670 2352 siue
689 2326 750 2360 fulg
752 2299 935 2353 oratoribugu
922 2326 948 2351 L
970 2325 1011 2352 ful
1013 2312 1204 2360 goratoribus⁰
1209 2325 1268 2351 siue
1288 2324 1428 2359 fulguritis

153 2362 191 2389 M
215 2360 366 2396 fulguralis
384 2361 442 2388 siue
461 2335 681 2396 fulggugatoribus
701 2361 736 2388 E.
765 2362 862 2389 seclusi
875 2334 1032 2396 fulguritisg
1031 2361 1088 2388 sive
1102 2362 1112 2395 ΙΙ
1126 2360 1278 2395 auguribus
1293 2368 1342 2387 om.
1359 2360 1430 2387 ME
