1630 2684
472 181 586 210 COMM.
604 182 646 209 IN
662 181 772 209 VERG.
790 181 874 210 AEN.
893 182 927 209 Π.
949 185 1096 210 139-148,
1360 182 1425 215 243

145 266 251 298 dicere.
348 276 464 297 oensem
485 276 602 297 numu
628 276 697 296 mm
719 263 791 296 bene
812 264 946 296 medium
970 265 1082 302 tenuit‚·
1106 266 1212 305 †nam
1235 276 1271 297 ea
1292 266 1426 298 numina

145 320 306 361 invocans,
326 328 405 359 quae
425 320 500 350 sunt
520 318 642 349 conscia
663 318 797 349 numina
814 318 965 359 veritatis,
988 318 1064 358 qaia
1086 321 1114 350 et
1129 319 1291 360 pontifices
1313 320 1426 361 dicant,

145 373 278 414 sinyulis
298 371 416 404 actfbus
431 371 578 413 profflios
600 372 670 403 deos
686 381 836 412 praeesse.
877 371 931 403 hos
955 371 1055 403 Varro
1078 374 1172 404 certos
1194 373 1262 404 deos
1284 373 1427 414 appellat.

238 425 309 458 142.
345 433 412 456 PER
436 433 468 457 81
491 433 562 463 QVA
585 433 649 457 EST
672 427 729 456 aut
750 424 924 467 diasyrtiee
947 424 1085 466 deridet,
1112 427 1149 457 ut
1172 425 1310 458 diximus
1333 426 1428 468 <80>‚

144 482 203 512 aut
227 481 302 511 certe
327 478 382 510 hoc
408 479 470 510 ait:
500 478 531 510 si
556 478 665 519 aliqua
692 481 736 510 est
761 479 845 519 fides.
888 488 983 519 quam
1010 489 1079 510 cum
1101 479 1161 510 sibi
1187 490 1251 511 non
1273 480 1427 520 adscribit,
1447 485 1462 508 5

142 533 222 573 facit
241 534 278 564 ut
298 532 334 564 in
355 542 388 564 eo
411 542 473 564 esse
494 532 644 564 credatur.
735 545 846 564 assu-r
870 532 1009 572 supersit.
1105 546 1154 569 rsQ
1161 546 1222 565 mu
1241 534 1317 575 qaia
1345 535 1430 575 apud

146 585 280 619 Graecos
302 586 378 618 dicit
397 586 489 627 fidem
511 596 573 618 esse
595 588 780 626 corruptam.

236 640 309 672 143.
344 652 532 672 INTEMERATA
556 639 736 680 incorrupta
758 640 803 671 vel
829 640 956 681 inteyra.
1002 640 1060 671 alii
1083 642 1185 672 tamen
1207 641 1314 673 volunt
1336 639 1428 674 ‘'inte-

143 692 274 726 merata'
293 693 330 725 de
348 693 436 725 libris
452 693 550 724 sacris
568 693 763 725 commutatis
782 694 892 725 litteris
909 703 971 726 esse
983 697 1230 735 praesumptum,
1252 695 1428 733 †timaram

144 748 227 781 enim
252 748 357 790 fidm,
383 747 419 779 id
444 749 488 779 est
508 749 648 779 sanctam
671 747 880 789 appellabant,
907 750 943 779 ut
964 748 1007 779 sit
1031 757 1150 787 sensns,
1178 759 1231 780 oro
1252 760 1312 789 per
1337 750 1429 791 fidem
1449 754 1481 778 10

144 801 329 843 vehementer
346 803 500 839 sanctam,
521 801 550 833 si
573 803 675 832 tamen
698 803 743 833 est
763 811 896 841 usquam
913 811 1008 842 penes
1029 801 1175 834 homines.
1257 811 1326 835 ono
1351 803 1429 835 ordo

146 857 196 888 est
219 855 317 898 ‘quod
339 857 373 887 te
397 865 453 887 oro
476 865 534 896 per
558 854 713 896 superos'.
800 868 939 887 Laevum!
953 856 1176 898 periculorum,
1200 856 1362 888 malorum.

145 915 294 943 sasemis
314 909 443 950 quidam
459 918 521 949 pro
545 907 730 940 ‘misereare’
754 909 916 949 accipiant.

235 963 309 995 144.
345 971 419 995 NON
442 970 556 994 DIGNA
580 970 753 994 FERENTIS
778 962 911 1004 indigno
936 962 1027 994 luetu
1051 963 1167 995 affecti.

236 1016 309 1049 145.
346 1025 390 1048 ET
418 1024 671 1048 MISERESCIMVS
701 1018 758 1048 aut
784 1027 843 1058 per
870 1028 904 1048 se
937 1017 1070 1058 plenum
1099 1019 1161 1058 est,
1194 1019 1251 1049 aut
1278 1017 1430 1050 cohaeret
1450 1022 1482 1045 15

147 1070 372 1113 sequentibus,
400 1069 477 1112 quia
499 1081 566 1102 non
588 1071 698 1110 potest
720 1070 848 1111 primis:
878 1070 1015 1102 dicimus
1039 1071 1126 1102 enim
1149 1073 1206 1103 aut
1229 1070 1337 1103 ‘illam
1361 1083 1429 1104 rem

43 1121 48 1126 ⁸
92 1136 96 1139 “
147 1123 311 1166 miseror’,
335 1125 391 1156 aut
410 1123 517 1155 ‘illius
535 1123 582 1155 rei
602 1122 783 1165 misereor’,
806 1135 871 1156 non
890 1123 998 1156 ‘illis’.
1040 1125 1167 1165 quidam
1186 1124 1430 1157 ‘miserescimus’

47 1211 49 1213 ,
141 1188 202 1219 pro
229 1178 422 1217 miseremur,
446 1187 543 1219 yenus
569 1177 776 1209 inchoativum
803 1177 922 1216 volunt,
949 1179 984 1208 ut
1009 1176 1131 1209 ‘horreo
1158 1178 1320 1220 horreseo',
1351 1178 1430 1220 ‘yelo

57 1221 76 1225 ’χ
101 1227 104 1231 ”
143 1230 296 1273 yelaseo':
323 1231 414 1263 aliter
442 1230 599 1263 ‘lentesco'
626 1231 848 1272 inchoativum,
875 1230 961 1262 nullo
983 1231 1180 1271 praecedente
1205 1232 1307 1270 verbm
1337 1242 1431 1272 neque

147 1285 228 1317 enim
250 1287 295 1317 est
317 1284 439 1327 ‘lento',
465 1287 502 1317 ut
527 1285 569 1317 stt
591 1284 758 1317 ‘lentesco’.
848 1292 967 1316 VLTRO
996 1286 1105 1316 autem
1132 1296 1195 1317 non
1225 1287 1274 1318 est
1302 1288 1430 1327 sponte:
1450 1289 1484 1313 20

146 1349 223 1371 nam
245 1338 312 1371 iam
335 1332 520 1381 rogaver-ht:
550 1338 606 1370 sed
633 1339 774 1380 insuper.
821 1339 854 1370 et
876 1338 965 1370 venit
988 1338 1029 1370 ab
1054 1349 1092 1370 eo
1116 1338 1201 1380 quod
1226 1340 1276 1371 est
1299 1338 1431 1382 ‘ultra'3

147 1392 222 1434 plus
245 1393 333 1425 enim
356 1403 454 1434 quam
477 1394 664 1434 rogaverat,
687 1391 930 1434 praestiterunt.

239 1446 312 1478 147.
353 1446 469 1486 mveu]
487 1456 549 1486 pro
573 1444 719 1478 ‘vincula’
736 1455 796 1486 per
817 1455 968 1486 syncopen
986 1445 1109 1477 dictum.
1190 1454 1284 1478 ARTA
1302 1455 1431 1479 VINOLA

148 1501 206 1532 aut
228 1499 418 1542 epexegesis
442 1499 643 1531 manicarum
667 1500 730 1540 est,
754 1500 811 1531 aut
834 1500 1006 1540 utrumque
1029 1498 1154 1531 habuit.

239 1553 311 1585 148.
349 1561 511 1591 QVISQVIS
540 1561 581 1585 Es
611 1552 689 1584 licet
718 1551 824 1584 hostis
856 1551 910 1583 sis.
957 1554 990 1584 et
1020 1554 1110 1594 sunt,
1142 1554 1179 1584 ut
1210 1553 1367 1586 habemus
1398 1553 1432 1585 in
1451 1556 1485 1580 25

147 1606 256 1649 Livio,
283 1606 490 1648 imperatoris
515 1606 615 1638 verba
641 1605 848 1647 transfugam
875 1605 1061 1647 recipientis
1089 1606 1122 1638 in
1150 1606 1246 1638 fidem
1270 1606 1432 1649 ‘quisquis

221 1715 254 1739 17
273 1712 389 1747 quidam
407 1711 611 1739 miserescimus
631 1732 636 1738 .
658 1732 663 1738 .
685 1733 690 1738 .
709 1711 848 1746 lentesco]
875 1711 909 1738 cf.
929 1711 1019 1738 Diom.
1038 1720 1066 1746 p.
1085 1714 1147 1746 343,
1168 1714 1200 1739 17
1216 1711 1248 1739 Κ.
1269 1713 1298 1739 et
1315 1712 1400 1740 Prisc.
1420 1713 1432 1738 I

148 1757 176 1783 p.
195 1751 257 1782 397,
276 1751 310 1775 22
325 1748 359 1774 Η.
380 1748 390 1782 [1
410 1750 444 1775 25
463 1747 493 1774 in
511 1747 604 1782 Livio]
624 1747 725 1782 fragm.
744 1749 778 1774 58
798 1756 842 1781 ap.
861 1746 1004 1774 Hertzium

220 1849 234 1873 1
250 1854 307 1874 non
320 1845 431 1873 nomine
445 1845 580 1873 invocans
594 1845 636 1871 vel
649 1853 704 1871 non
718 1843 886 1871 nominatim
901 1852 1005 1871 vocans
1021 1844 1056 1871 F.
1072 1844 1222 1872 Sehoellius
1235 1846 1244 1879 ΙΙ
1258 1848 1274 1871 2
1289 1844 1432 1873 inuocavit

149 1881 252 1909 Daniel
264 1878 403 1917 n’numina
421 1890 471 1909 om.
491 1881 596 1908 Daniel
609 1882 619 1915 ΙΙ
632 1884 648 1907 3
669 1880 772 1915 certos]
793 1881 867 1906 certe
886 1880 968 1906 Licm.
997 1881 1032 1913 cf.
1053 1880 1192 1907 Prellerus
1211 1880 1303 1908 Roem.
1322 1882 1430 1917 mythol.

146 1926 176 1952 p.
196 1920 230 1944 63
252 1918 263 1952 ΙΙ
289 1921 307 1944 4
326 1917 363 1944 ad
380 1926 405 1944 v.
427 1920 477 1944 142
496 1916 550 1944 Per
569 1916 593 1943 si
612 1924 668 1950 qua
686 1916 741 1956 est]
766 1916 816 1942 aut
839 1915 990 1950 diasyrtice
1013 1915 1100 1949 ridet,
1127 1917 1177 1943 aut
1196 1917 1271 1943 certe
1291 1938 1297 1944 .
1317 1937 1323 1943 .
1345 1939 1350 1945 .
1371 1925 1432 1944 cor-

148 1953 269 1988 ruptam.
289 1953 341 1987 Pu
359 1953 468 1980 deridet
487 1953 536 1979 M:
555 1951 654 1979 irridet
672 1951 698 1977 L
715 1951 790 1978 ridet
808 1951 842 1977 H
845 1950 882 1977 0*
906 1951 1016 1978 deridet
1033 1951 1157 1978 troianos
1177 1951 1220 1978 El
1234 1953 1243 1986 ΙΙ
1260 1953 1293 1978 ut
1311 1952 1431 1979 diximus

149 1996 198 2016 om.
214 1988 253 2016 0*
266 1989 276 2023 ΙΙ
291 1992 306 2016 6
325 1989 358 2015 ut
375 1989 405 2015 in
419 1997 452 2015 eo
467 1988 505 2015 P.-
522 1987 567 2014 uti
580 1996 632 2015 nec
647 1987 691 2021 011
705 1996 804 2013 assur
819 1986 887 2013 Po*
899 1987 909 2020 ΙΙ
923 1996 1035 2017 νηρνΑΜ
1049 1986 1096 2021 Pu
1109 1987 1179 2021 aput
1194 1987 1222 2013 P
1233 1988 1242 2022 ΙΙ
1256 1990 1272 2014 8
1292 1988 1330 2015 ad
1342 1997 1366 2015 υ.
1381 1991 1431 2015 143

148 2023 330 2059 Intemerata]
350 2024 513 2059 incorrupta
533 2043 539 2050 .
559 2045 565 2051 .
586 2044 592 2050 .
611 2031 697 2057 penes
715 2022 851 2049 homines.
871 2022 922 2056 Pu
940 2026 956 2049 9
976 2023 1155 2050 commutatis
1173 2022 1224 2057 ΡῙΙ
1242 2024 1432 2056 praesumtum

151 2059 179 2086 P
199 2060 210 2094 Ι
237 2062 271 2087 10
294 2061 422 2087 sanctam
444 2059 628 2094 appellabant
647 2058 684 2085 G.-
710 2057 857 2084 scientiam
879 2057 908 2084 in
932 2058 1019 2085 sacris
1042 2058 1176 2085 dicebant
1197 2058 1224 2084 P
1244 2059 1254 2093 fl
1277 2059 1408 2086 semiss}
1423 2060 1432 2094 Η

151 2097 182 2122 11
198 2095 378 2122 vehementer
391 2104 441 2122 om.
458 2095 487 2121 P
498 2096 508 2130 ΙΙ
523 2097 555 2121 15
572 2095 609 2122 ad
622 2103 646 2121 v.
659 2096 709 2120 145
728 2093 787 2120 His.
817 2093 910 2128 Ultro]
925 2093 987 2128 plus
1002 2093 1076 2120 enim
1091 2102 1175 2128 quam
1189 2096 1339 2129 rogauerat
1352 2103 1431 2129 prae-

150 2130 290 2158 stiterunt.
306 2131 352 2166 Pu
367 2134 401 2158 16
419 2130 511 2166 illam]
532 2131 583 2158 illa
601 2130 627 2156 L
639 2130 650 2164 l}
664 2132 697 2156 17
713 2129 840 2163 miseror]
860 2128 1005 2164 misersssor
1019 2129 1052 2155 L.
1081 2131 1114 2156 ut
1131 2129 1179 2156 hic
1192 2129 1234 2156 ita
1248 2130 1433 2164 subsequatur

149 2165 352 2194 miserescimus
370 2166 496 2194 manicas
515 2167 600 2200 atque
620 2166 682 2192 arta
699 2164 813 2192 uincula
831 2164 894 2191 add.
914 2165 945 2190 E
962 2167 986 2192 et
1005 2165 1014 2191 l
1032 2165 1062 2191 in
1082 2173 1167 2206 marg).
1189 2165 1198 2199 [Ι
1220 2165 1364 2201 misereor]
1384 2166 1433 2200 qui

151 2209 231 2229 casus
249 2202 296 2229 hic
313 2210 369 2229 non
388 2203 431 2230 est
448 2210 514 2229 nam
532 2201 590 2228 illis
608 2201 742 2228 misereor
759 2208 842 2227 nemo
860 2199 930 2227 dicit
947 2201 980 2227 ut
994 2200 1103 2228 dicatur
1121 2200 1165 2227 his
1182 2201 1305 2228 lacrimis
1324 2202 1389 2229 add.
1403 2202 1434 2228 E

151 2239 176 2264 et
193 2237 204 2264 l
220 2237 253 2265 in
269 2246 356 2272 marq.
374 2238 407 2265 in
420 2238 451 2264 E
468 2240 559 2264 tamen
577 2239 601 2263 et
619 2237 669 2263 hoe
687 2239 712 2263 et
729 2236 856 2270 superius
875 2236 1092 2263 additamentum
1110 2239 1275 2270 expunctum
1294 2240 1338 2263 est.
1353 2238 1363 2270 ΙΙ
1376 2245 1432 2264 non

150 2272 208 2299 illis
226 2273 361 2308 summit
376 2274 408 2308 lu
423 2276 455 2300 19
470 2273 634 2300 miseremur
647 2272 761 2305 scripsi:
779 2271 984 2298 miserescimus
999 2271 1043 2306 Ol}
1056 2275 1089 2298 21
1105 2272 1183 2307 nam]
1204 2281 1259 2299 non
1275 2273 1310 2298 M
1323 2273 1332 2306 ΙΙ
1347 2275 1379 2299 23
1395 2273 1433 2299 ad

151 2316 176 2334 v.
191 2310 242 2336 147
260 2309 347 2336 Arete
363 2309 470 2344 uincla]
490 2317 541 2343 pro
563 2308 697 2335 ‘uincula'
718 2315 769 2341 per
787 2315 928 2342 syncopen
944 2307 1110 2342 (sincopam)
1129 2307 1243 2335 dictum.
1261 2308 1288 2334 P
1300 2308 1310 2342 ΙΙ
1324 2311 1358 2333 24
1377 2307 1431 2334 efe-

152 2343 260 2378 xegesis
277 2344 304 2370 L
331 2344 448 2372 efexesis
466 2344 501 2371 H
524 2343 687 2378 effexegesis
708 2343 746 2369 M
765 2343 776 2377 ΙΙ
798 2345 832 2369 25
852 2343 881 2369 et
902 2343 990 2370 uerba.
1013 2344 1079 2370 sunt
1101 2343 1134 2370 ut
1156 2343 1291 2370 habemus
1311 2343 1340 2369 in
1363 2342 1432 2369 liuio

152 2378 328 2441 imper-{toris
345 2379 519 2415 transfugam
539 2380 583 2415 C'u
597 2380 662 2406 sunt
680 2379 723 2414 ut]
743 2378 815 2405 sicut
833 2377 859 2404 L
871 2378 882 2412 ΙΙ
896 2381 929 2405 26
943 2378 1041 2414 uerba]
1062 2379 1128 2405 sunt
1145 2386 1220 2412 supr.
1235 2387 1302 2405 vers.
1318 2379 1381 2406 add.
1396 2379 1406 2405 l
1423 2380 1432 2413 Υ,

152 2422 215 2448 quis

1165 2457 1219 2484 16*
