1630 2684
0 1907 17 2026 insvla-33
13 1868 16 1870 ,
9 1742 11 1746 ι

0 2050 22 2134 ..ua-m·
0 2025 17 2043 τι

15 63 23 79 ⁴>
567 71 580 82 ι

421 160 535 188 coma.
555 161 595 187 IN
613 160 719 188 VERG.
739 161 824 188 AEN.
844 161 863 189 1.
883 164 1032 189 ιιι-423.
1307 163 1368 194 139

87 251 261 281 QVONDAM
284 242 345 274 hoc
368 241 408 274 ad
431 243 576 283 poetam3
603 252 663 274 nee
692 242 777 273 enim
805 241 868 274 hoe
896 243 988 275 novit
1011 242 1147 276 Aeneas.
1193 243 1368 286 ‘magalia'

86 306 164 328 vero
189 294 415 327 antistoeehon
435 296 497 335 est3
521 305 598 326 nam
620 295 732 327 debuit
750 296 898 337 magaria
918 296 1037 338 dicere,
1062 297 1136 339 quia
1155 307 1281 339 magar,
1305 308 1369 329 non

30 378 41 387 ,
71 348 197 399 vmaga]
229 348 413 391 Poenorum
445 347 559 389 lingua
591 348 706 380 villam
739 348 910 390 signifieat.
966 348 1041 381 Cato
1073 350 1229 392 oriyinum
1260 353 1369 391 quarto

85 402 252 444 mayalia
279 401 462 441 aedificia
489 402 599 442 quasi
625 401 790 433 cohortes
817 402 998 434 rotundas
1025 403 1106 435 dicit.
1152 403 1210 435 alii
1232 404 1369 445 mayalia

86 466 174 488 casas
192 455 367 487 Poenorum
385 454 559 495 pastorales
582 455 695 486 dicunt.
742 456 763 495 †
776 456 812 487 de
833 455 883 487 his
901 454 1070 488 Sallustius
1092 466 1182 497 quae
1204 457 1370 497 mapalia
1389 463 1404 488 5

85 511 159 542 sun't
180 508 371 540 cirwmiecta
395 508 513 540 civitati
534 508 713 540 suburbana
735 509 878 550 aedificia
900 509 1046 550 mayalia.
1083 511 1142 550 †ct
1164 510 1222 541 alii
1245 509 1370 542 Cassius

84 562 224 595 Hemina
247 562 364 602 †docet
387 562 432 593 ita
451 561 652 593 Sinuessae
674 562 841 603 mayalia
864 563 1033 594 addenda
1059 573 1273 604 murumque
1300 563 1370 595 eir-

84 626 163 649 eum
185 626 235 648 ea.

173 669 248 701 422.
284 681 416 701 Mla-{rm
439 681 548 701 PORTAS
569 681 792 705 SIREPITVMQVE
813 683 836 701 E.
860 682 881 701 s.
911 682 931 702 V.
959 669 1086 710 quidam
1115 669 1170 701 hoc
1197 669 1317 711 ‘portas
1343 673 1371 702 et

84 724 153 756 vias
172 722 312 764 mayalia
330 723 486 763 quondam
504 722 655 754 miratur’
675 733 738 754 non
755 723 935 763 simpliciter
953 723 1068 755 (lictum
1087 723 1204 763 volunt,
1223 724 1370 764 quoniam
1392 731 1424 754 ιο

80 777 247 818 prudentes
274 776 425 808 Etruscae
451 776 634 817 disciplinae
661 777 752 808 aiunt
779 777 865 817 apud
890 777 1057 808 conditores
1083 776 1290 809 Etruscarum
1318 788 1369 808 ur-

85 830 170 862 ln'um
191 840 255 862 non
272 832 402 870 putatas
424 830 523 862 iustas
545 829 646 869 urbes,
670 830 705 862 in
727 830 838 870 quibus
860 841 923 862 non
952 832 1011 862 tres
1035 832 1144 870 portae
1170 832 1266 862 essent
1288 831 1369 862 decli-

85 885 171 915 catae
202 885 230 915 et
262 885 306 915 tot
330 883 399 914 viae
430 885 459 914 et
488 885 531 915 tot
560 883 685 924 templa,
716 883 801 915 Iovis
823 883 959 915 Iunonis
981 884 1151 915 Minervae.
1203 883 1274 916 bene
1301 894 1370 924 erqo

85 934 221 969 miratur
249 936 384 975 Aeneas,
413 936 467 968 ubi
494 936 623 976 fucrant
652 937 790 978 mayalia
820 937 886 968 illic
914 947 976 968 esse
1006 937 1173 978 leyitimam
1203 937 1370 975 civitatem;

86 1000 161 1022 nam
192 992 222 1022 et
245 992 356 1031 portas
388 992 416 1021 et
443 990 511 1021 vias
539 990 660 1022 videbat
685 993 714 1022 et
741 1001 813 1022 moa·
846 990 991 1031 templum
1019 990 1138 1022 Iunoni
1169 991 1283 1032 inqens.
1396 997 1427 1021 15

87 1057 197 1077 snum
224 1057 291 1076 νιΑιι
299 1056 337 1076 m
353 1044 455 1084 primi
477 1044 560 1075 enim
583 1044 681 1076 Poeni
703 1045 771 1076 vias
795 1044 949 1085 lapidibus
972 1045 1116 1076 stravisse
1138 1045 1291 1076 dicuntur.

176 1097 250 1129 423.
287 1105 473 1129 ARDENTES
500 1098 594 1129 multi
619 1097 857 1137 efestinanlzes',
880 1101 915 1129 ut
940 1099 1111 1130 iuvenum
1134 1108 1265 1130 manus
1288 1098 1374 1129 emi-

87 1153 146 1183 cat
171 1151 307 1183 ardens
334 1153 363 1182 et
389 1151 496 1183 ardet
527 1151 632 1183 abire
661 1152 751 1192 fuya
782 1154 810 1183 et
836 1152 1004 1184 Laocoon
1036 1152 1185 1190 ardens,·
1217 1152 1261 1183 sic
1292 1152 1374 1183 enim

86 1204 162 1236 dicit
183 1203 321 1244 quotiens
338 1207 539 1244 properantes
561 1204 628 1236 vult
654 1205 821 1237 ostendere:
851 1204 907 1236 alii
932 1205 1082 1237 ardentes
1107 1204 1299 1247 ‘ingeniosi’
1323 1216 1373 1237 ae-

89 1257 228 1299 eipiunt3
250 1267 327 1288 nam
350 1268 408 1299 per
430 1258 630 1290 eontrarium
655 1268 802 1300 segnem,
830 1258 863 1290 id
887 1260 937 1290 est
960 1259 1028 1290 sine
1052 1258 1136 1300 igni,
1164 1259 1295 1300 ingenio
1320 1269 1370 1290 ca·
1391 1264 1425 1288 2ο

161 1367 175 1390 1
196 1363 320 1398 magalia
338 1371 404 1390 vero
425 1385 431 1390 .
447 1386 453 1391 .
470 1385 476 1390 .
497 1363 650 1398 signifieat]
673 1363 708 1390 cf.
730 1363 791 1390 Isid.
812 1363 881 1398 orig.
901 1363 951 1390 XV
973 1367 1015 1397 12,
1034 1367 1050 1390 4
1073 1364 1082 1396 ΙΙ
1105 1367 1120 1389 3
1145 1363 1215 1390 Cato
1235 1363 1373 1397 originum

88 1399 202 1435 quarto]
217 1399 318 1433 fragm.
334 1402 350 1425 2
366 1400 396 1426 et
411 1408 456 1433 ap.
472 1399 544 1426 Iord.
560 1400 588 1426 et
603 1407 648 1434 ap.
663 1399 721 1425 Pet.
737 1401 746 1433 ΙΙ
761 1402 776 1425 5
792 1398 954 1434 Sallustius]
973 1401 1031 1434 lug.
1050 1402 1091 1431 18,
1105 1401 1121 1424 8
1136 1400 1145 1433 ΙΙ
1165 1403 1180 1425 6
1196 1399 1305 1425 Cassius
1320 1399 1373 1424 He-

87 1435 175 1470 mina]
195 1435 295 1468 fragm.
314 1438 348 1461 38
368 1435 427 1462 Pet.
451 1436 461 1469 11
485 1438 517 1461 16
537 1435 620 1469 primi
639 1434 714 1461 enim
735 1456 740 1461 .
757 1456 762 1461 .
780 1456 785 1461 .
805 1435 948 1469 dicuntur]
969 1435 1003 1461 of.
1024 1435 1088 1461 Isid.
1109 1435 1177 1468 orig.
1198 1435 1247 1461 XV
1269 1437 1310 1467 16,
1331 1438 1346 1461 6
1366 1451 1375 1468 ,ἢ

90 1474 122 1498 17
141 1470 285 1505 iuvenum]
304 1469 337 1496 A.
358 1470 396 1496 VI
415 1473 430 1496 5
450 1472 460 1504 ΙΙ
480 1474 513 1498 18
531 1470 624 1505 ardet]
645 1470 676 1496 A.
698 1470 733 1496 IV
755 1473 805 1496 281
825 1471 835 1504 ΙΙ
856 1470 998 1505 Laocoon]
1019 1471 1051 1497 A.
1072 1471 1096 1496 ΙΙ
1116 1473 1147 1496 41
1164 1472 1173 1504 ΙΙ
1187 1473 1221 1496 20
1240 1479 1306 1496 nam
1325 1478 1374 1503 pei·

88 1506 258 1533 contrarium
279 1527 284 1532 .
302 1526 307 1532 .
325 1526 330 1532 .
350 1506 500 1540 καίεσθαι]
521 1506 555 1532 cf.
576 1506 646 1532 Don.
667 1506 703 1532 ad
717 1506 779 1533 Ter.
800 1506 883 1533 Andr.
904 1506 927 1532 V
948 1510 973 1540 2,
995 1509 1035 1533 14.
1060 1505 1124 1533 Isid.
1145 1506 1214 1540 orig.
1231 1505 1255 1531 X
1275 1508 1325 1532 247
1346 1506 1375 1532 et

88 1543 139 1569 ΧΠ
159 1545 184 1576 2,
204 1546 245 1568 38.
266 1541 323 1568 diff.
344 1541 418 1568 verb.
438 1544 490 1569 296

162 1643 174 1667 1
195 1640 249 1666 hoc
269 1639 305 1666 ad
325 1642 387 1666 ante
405 1641 519 1674 p'oetam
538 1648 588 1666 om.
610 1639 633 1666 Ο
653 1640 663 1674 ΙΙ
686 1640 756 1666 haee
776 1640 799 1666 0
819 1640 829 1673 ΙΙ
853 1643 868 1666 2
889 1639 1041 1673 astystictm
1060 1640 1087 1665 B
1109 1640 1266 1666 awrrssncos
1288 1639 1311 1666 G
1327 1649 1373 1666 an-
1417 1641 1425 1665 Ἴ

88 1676 205 1703 tisticon
224 1675 250 1701 L
269 1675 439 1702 antistichon
459 1675 492 1701 H
502 1677 512 1710 ΙΙ
526 1679 541 1702 3
561 1677 662 1709 quarto
682 1676 825 1702 Iordanus
841 1676 911 1708 prol.
927 1684 956 1709 p.
978 1678 1011 1701 50
1025 1675 1078 1709 sq.':
1096 1683 1146 1702 om.
1168 1674 1192 1701 C
1212 1674 1301 1709 primo
1324 1676 1357 1706 Ρ,
1366 1675 1375 1709 [l

89 1716 105 1739 4
125 1712 234 1739 coortos
254 1711 282 1737 P
306 1712 395 1737 cortes
416 1711 439 1738 G
455 1713 464 1745 ΙΙ
482 1711 616 1738 rotundas
635 1720 668 1738 ea:
686 1711 822 1738 rutundas
842 1711 865 1737 (J
885 1712 895 1745 n
918 1710 999 1745 dicit]
1020 1711 1053 1737 di·
1073 1711 1101 1742 (i.
1121 1719 1141 1737 e.
1161 1710 1300 1743 dicuntur)
1323 1711 1349 1736 P
1367 1712 1375 1745 Η

88 1747 138 1774 alii
162 1769 168 1775 .
186 1768 192 1773 .
208 1767 214 1774 .
242 1746 346 1773 circum
373 1747 418 1782 ea]
443 1746 501 1773 Alii
524 1746 648 1781 magalia
671 1755 749 1773 casas
772 1747 930 1773 Poenorum
954 1746 1110 1780 pastorales
1135 1746 1245 1779 dicunt·
1271 1746 1305 1772 de
1333 1746 1375 1772 his

89 1782 246 1810 Sallustius.
285 1782 362 1814 Quae
381 1782 504 1817 magalia
523 1783 588 1809 sunt
606 1782 785 1809 circumiecta
804 1782 912 1809 civitati
932 1782 1091 1808 suburbana
1109 1781 1244 1808 aedificia.
1278 1782 1373 1815 Maga-

89 1818 128 1845 lia.
147 1819 176 1845 et
194 1817 276 1851 alibi;
302 1817 414 1844 Cassius
438 1818 559 1845 Hemina
582 1818 665 1845 docet
688 1818 740 1844 ita:
762 1818 909 1844 Sinuessae
934 1819 986 1844 ete.
1006 1818 1134 1843 Kritzius
1157 1818 1232 1850 epist.
1257 1818 1317 1843 crit.
1325 1803 1375 1844 ¹”ad

89 1854 126 1882 E.
153 1854 393 1880 Wuestemannum
416 1853 484 1881 Sall.
507 1854 568 1880 hist.
593 1854 754 1887 fraymentis
773 1854 941 1887 praemissae
962 1861 990 1886 p.
1011 1852 1126 1878 XXXIX
1141 1860 1170 1886 sq
1154 1862 1178 1886 q.
1201 1853 1211 1886 ΙΙ
1234 1855 1249 1878 5
1275 1852 1308 1878 de
1332 1852 1375 1878 his

91 1889 241 1917 Sallustius
259 1897 331 1923 quae
351 1889 488 1923 mapalia]
510 1897 582 1922 quae
607 1888 731 1922 mapalia
754 1889 824 1915 dicit
843 1888 992 1915 Sallustius
1017 1888 1086 1915 coni.
1108 1888 1143 1914 F
1163 1888 1312 1914 Schoellius
1341 1888 1375 1914 de

90 1925 134 1952 his
154 1925 303 1952 Sallustius
325 1925 400 1959 (luy.
423 1928 468 1958 18,
488 1926 515 1957 8)
541 1924 686 1951 ‘aedificia
709 1924 894 1951 Numidarum
918 1923 1071 1963 agrestium
1095 1932 1165 1957 quae
1189 1923 1314 1957 mapalia.
1332 1923 1375 1949 illi

91 1961 208 1988 vocant’
230 1969 285 1995 eqo
309 1961 318 1994 ΙΙ
342 1963 357 1987 6
376 1946 492 1993 fortasse
511 1960 576 1986 sunt
601 1961 630 1986 et
649 1959 830 1986 circumiecta
852 1961 861 1993 ΙΙ
884 1960 913 1986 et
931 1958 986 1985 alii
1005 1958 1114 1986 Cassius
1134 1958 1266 1993 Hemina]
1286 1959 1318 1985 ut
1336 1958 1376 1986 ait

91 1996 201 2024 Cassius
221 1996 341 2023 Hemina
360 1996 429 2022 coni.
449 1996 485 2022 Γ.
505 1996 656 2022 Schocllius
678 1996 688 2028 ss
712 1998 726 2022 7
747 1995 829 2022 docet
848 1995 900 2029 ita]
921 1995 1016 2022 locata
1036 1994 1070 2021 F
1092 1994 1241 2021 Schoellius
1270 1994 1375 2021 locavit

91 2033 121 2059 ot
137 2040 184 2066 eqo
202 2032 374 2058 coniecerant.
405 2032 438 2064 cf.
459 2031 522 2058 Liv.
539 2031 655 2057 XXXXI
671 2034 714 2064 27,
731 2034 762 2057 12
777 2032 786 2065 ΙΙ
801 2034 816 2057 5
836 2039 914 2057 casas
933 2031 1090 2057 Poenorum
1104 2030 1259 2064 pastorales
1279 2029 1376 2056 dicunt

91 2067 169 2095 hodie
194 2070 363 2094 evanuerunt
382 2068 413 2093 in
435 2068 462 2093 P
483 2068 492 2100 ΙΙ
515 2067 669 2107 pastorales
689 2075 721 2092 ea·
739 2066 895 2100 postorales
916 2065 939 2093 0
950 2066 959 2099 ΙΙ
983 2069 998 2092 6
1023 2065 1092 2092 alibi
1116 2065 1150 2092 0²
1172 2066 1182 2099 ΙΙ
1205 2065 1307 2093 cassius
1328 2065 1375 2092 0²:

92 2103 183 2130 casius
199 2103 222 2130 G
232 2103 242 2136 ΙΙ
257 2106 270 2129 7
291 2103 438 2131 Sinuessae
454 2103 626 2129 Masvicius:
641 2102 787 2136 sinuegsae
809 2102 881 2135 0118
902 2110 963 2128 eam
982 2102 1102 2128 enotavit
1120 2101 1267 2135 Scioppius
1280 2102 1291 2134 ΙΙ
1305 2105 1319 2127 9
1339 2102 1377 2127 acl

91 2147 116 2166 υ.
135 2141 187 2165 422
207 2139 302 2165 Strata
320 2138 442 2173 uiarum]
462 2137 547 2173 primi
566 2138 640 2164 enim
659 2137 746 2164 Poeni
771 2137 831 2164 uias
850 2137 991 2171 lapidibus
1011 2136 1145 2163 strauisse
1165 2136 1301 2163 dicuntur
1323 2136 1351 2162 P
1368 2139 1377 2170 l

95 2177 126 2201 13
146 2175 175 2201 et
191 2175 236 2201 tot
254 2174 317 2201 uiae
337 2174 383 2201 0²:
403 2174 527 2201 etotuiae
548 2173 571 2200 G
588 2174 616 2200 et
634 2173 749 2200 uotiuae
768 2173 887 2200 enotavit
905 2173 1053 2207 Scioppius
1075 2173 1085 2206 ΙΙ
1110 2175 1140 2198 17
1162 2173 1198 2199 ad
1217 2181 1240 2199 v.
1261 2175 1312 2198 423
1334 2172 1376 2197 ln-

95 2210 172 2237 stant
194 2209 324 2237 ardentes
347 2209 438 2245 Tyrii]
462 2209 583 2236 multum
606 2209 784 2242 festinantes,
809 2210 841 2235 ut
867 2208 964 2235 ‘ardet
986 2208 1063 2235 abire
1086 2207 1168 2242 fuga’
1196 2207 1225 2234 id
1249 2209 1292 2233 est
1314 2216 1375 2241 pro—

113 2246 180 2272 erat.
224 2244 273 2272 alii
301 2246 431 2272 ardentes
459 2245 620 2286 ingeniosos
650 2244 760 2276 dieunt,
783 2253 849 2271 nam
873 2252 923 2279 per
949 2243 1118 2271 contrarium
1145 2264 1150 2270 .
1172 2264 1203 2270 ..
1231 2244 1374 2269 καίεσθαι.

92 2254 199 2308 guttere
226 2281 332 2316 muros]
360 2280 545 2308 construendo
571 2280 600 2306 in
622 2265 828 2314 longitudinem
851 2280 951 2307 ducere
971 2279 1127 2306 aedificare.
1154 2279 1185 2306 P.
1215 2287 1247 2305 ωε
1272 2279 1315 2304 his
1334 2278 1375 2304 In—

95 2317 198 2343 stant.
237 2337 243 2343 .
268 2317 368 2343 ardent
391 2319 415 2343 ct
438 2317 467 2343 id
491 2318 534 2343 est
557 2315 615 2343 sine
639 2315 698 2350 igni
797 2316 876 2343 uenit
898 2318 922 2342 ct
946 2315 1130 2342 construendo
1230 2314 1376 2340 aedificare

94 2351 172 2378 hodie
188 2355 365 2379 evanuerunt.
387 2354 396 2387 ΙΙ
419 2361 553 2379 muamus
573 2352 737 2378 festinantes
757 2351 802 2378 uel
820 2351 980 2386 ingeniosos
998 2350 1162 2384 intelligunt
1180 2350 1206 2375 B
1230 2351 1239 2383 ΙΙ
1265 2353 1295 2375 19
1316 2349 1377 2375 uult

97 2385 142 2413 0².
161 2387 206 2414 uel
226 2386 250 2414 G
269 2389 279 2422 ΙΙ
302 2391 336 2415 20
355 2388 384 2414 id
404 2389 447 2415 est
465 2396 515 2415 om.
536 2387 560 2414 0
579 2388 589 2422 ΙΙ
611 2387 671 2422 igni
689 2395 738 2414 om.
761 2387 785 2414 0
800 2387 875 2422 (igne
894 2388 907 2414 t
927 2386 961 2413 (1²
979 2394 1054 2420 supr.
1074 2386 1151 2419 vers.)
1171 2385 1229 2412 ullo
1248 2385 1282 2411 H
