1630 2684
448 87 561 116 COMM.
581 89 621 115 IN
639 89 746 117 VERG.
767 90 850 117 AEN.
870 90 889 116 I.
912 94 1060 118 177—4179.
1355 93 1394 124 71

111 173 193 214 quod
212 172 278 212 fere
300 172 431 204 laborem
452 172 552 212 fames
574 171 775 211 subsequitur.
811 173 844 202 et
867 171 971 203 fessus
997 173 1148 213 generale
1173 175 1237 215 est;
1260 174 1396 207 dicimus

112 225 198 257 0111111
227 226 330 258 fessus
360 225 481 266 animo,
512 225 548 256 id
572 227 616 257 est
642 225 776 256 incertus
809 225 943 265 consilii,
976 227 1013 256 ut
1045 227 1104 257 ter
1136 226 1263 259 fessus
1292 228 1396 261 valle

110 279 270 318 resedit,
294 280 327 311 et
349 278 454 310 fessus
479 288 625 320 corpore,
649 278 733 320 quod
758 278 863 320 magis
889 280 939 310 est
962 279 1142 320 proprium,
1167 283 1199 311 et
1222 280 1327 313 fessus
1346 293 1394 314 re-

110 344 182 365 rum
206 345 225 365 a
247 332 378 365 fortuna
402 331 616 370 venientium,
637 333 678 363 'ut
700 332 762 363 hoc
786 332 868 364 loco.
900 332 1044 373 epitheta
1067 344 1246 375 numquam
1270 337 1395 375 vacant,

110 386 167 418 sed
190 388 246 418 aut
270 386 309 418 ad
333 387 557 427 augmentum,
586 387 643 417 aut
667 386 705 417 ad
730 386 993 427 diminutionem,
1022 387 1079 418 aut
1103 387 1141 418 ad
1166 387 1394 421 discretionem

108 440 187 481 poni
210 439 325 471 solent.
416 448 551 471 FRVGES
572 439 769 481 generaliter
788 451 899 471 omnes
918 439 1030 481 fruges
1051 440 1208 482 dicuntur,
1233 443 1266 472 et
1285 445 1395 474 errant

109 492 164 535 qui
187 492 373 524 discernunt
396 492 558 524 frumenta
582 504 601 524 a
624 493 783 534 frugibus.
830 504 905 524 nan]
930 491 1043 524 Cicero
1073 493 1119 525 ait
1149 494 1229 525 olei
1257 496 1294 525 et
1317 494 1395 526 fru-

107 556 194 588 gum
218 546 466 587 minutarum,
490 557 562 578 cum
582 546 621 578 de
640 546 861 587 leguminibus
881 545 1015 586 diceret,
1035 547 1072 577 ut
1091 546 1276 579 ostenderet
1295 548 1395 580 etiam

104 599 269 632 frumenta
292 599 402 641 fruges
427 599 545 631 vocari.
590 599 723 641 frugum
753 600 863 630 autem
892 609 1010 630 nomen
1038 600 1179 630 tractum
1207 602 1256 632 est
1284 613 1303 633 a
1330 602 1395 634 fru-

105 653 206 695 mine,
229 653 262 685 id
286 654 336 685 est
359 653 520 684 eminente
545 652 688 693 gutturis
712 653 814 693 parte.
887 660 1066 683 RECEPTAS
1088 652 1245 685 liberatas
1265 656 1302 686 ut
1320 666 1392 686 me-

70 704 72 707 ’
105 706 244 749 dioque
267 718 310 739 ex
334 707 445 739 hoste
469 707 632 748 recepit,
660 706 692 737 id
721 708 771 738 est
794 705 954 737 liberavit.
1049 708 1205 746 mccli-Pras]
1231 707 1294 739 *de
1312 710 1393 748 peri-

107 760 173 792 culo
195 760 242 792 vel
264 771 302 792 ex
323 761 479 801 insperato
502 760 641 791 salma*

196 814 268 852 179.
300 823 345 846 ΕΤ
370 822 532 846 TORRERE
557 822 698 845 PARAN'P
721 822 874 844 FLAMMIS
900 822 944 844 ET
970 821 1157 845 FRANGERE
1182 823 1271 846 SAXO
1297 815 1392 847 multi

105 868 394 910 hysteroproteron
417 869 550 909 putant,
573 878 639 899 non
662 866 873 908 respicientes
894 867 1075 907 superiora,
1099 868 1176 908 quia
1194 867 1276 899 dixit
1299 869 1391 900 undis

103 920 254 954 Cererem
286 932 356 954 esse
387 923 586 963 corruptam,
622 931 718 962 quam
750 931 881 952 necesse
914 919 1021 952 fuerat
1051 922 1126 952 ante
1159 921 1282 953 siccari.
1335 922 1390 963 qui

102 977 213 1008 tamen
244 976 344 1007 etiam
375 976 488 1006 contra
517 974 580 1006 hoc
611 974 669 1006 illo
701 985 735 1005 se
767 975 901 1005 tuentur
935 973 1083 1014 exemplo
1112 985 1210 1006 nunc
1242 977 1391 1006 torrete

102 1029 185 1070 igni
207 1029 352 1071 fruges,
386 1039 484 1059 nunc
514 1027 687 1068 frangite
717 1038 808 1059 saxo
838 1029 870 1059 et
897 1027 1013 1059 volunt
1042 1027 1140 1059 etiam
1165 1028 1218 1060 hic
1245 1028 1391 1069 hystero-

103 1084 258 1125 proteron
283 1093 362 1114 esse.
409 1081 494 1124 quod
517 1081 637 1113 falsum
662 1083 726 1122 est3
751 1092 827 1112 nam
851 1082 884 1112 et
910 1080 1007 1112 hodie
1036 1080 1151 1112 siccari
1180 1084 1256 1114 ante
1279 1082 1389 1123 fruges

106 1137 138 1168 et
162 1136 208 1168 310
231 1136 339 1179 frangi
363 1136 518 1168 videmus.
546 1137 579 1166 et
603 1135 679 1176 quia
703 1134 789 1176 apud
813 1134 951 1165 maiores
971 1135 1102 1166 nostros
1126 1135 1289 1167 molarum
1312 1146 1389 1167 usus

101 1201 167 1222 non
195 1191 279 1232 erat,
312 1189 476 1221 frumenta
503 1189 673 1221 torrebant
702 1190 734 1220 et
763 1199 800 1219 ea
828 1188 863 1219 in
890 1187 974 1228 pilas
1004 1187 1104 1218 missa
1136 1188 1324 1229 pinsebant,
1358 1190 1390 1220 et

101 1244 163 1276 hoc
196 1245 267 1275 erat
299 1254 402 1286 genus
435 1242 587 1275 molendi.
633 1242 716 1274 unde
751 1243 784 1272 et
811 1241 958 1282 pinsores
987 1240 1064 1271 dicti
1094 1243 1182 1282 sunt,
1216 1242 1271 1283 qui
1303 1253 1388 1273 nune

100 1297 241 1339 pistores
265 1299 431 1330 vocantur.
479 1296 607 1337 pinsere
638 1297 747 1327 autem
777 1294 841 1326 dici
864 1294 996 1326 Persius
1020 1295 1150 1336 probat,
1174 1297 1210 1327 ut
1234 1307 1253 1326 a
1276 1297 1386 1336 tergo

101 1362 210 1393 quem
237 1351 347 1383 nulla
376 1349 527 1382 ciconia
555 1348 687 1389 pinsit.
733 1348 860 1388 quidam
883 1358 920 1379 ne
942 1347 1203 1388 hysteroproteron
1228 1349 1281 1390 sit,
1309 1349 1388 1380 alios

101 1407 226 1443 tmere,
254 1405 333 1437 alios
359 1404 504 1444 frangere
532 1402 695 1443 accipiunt.
748 1402 860 1433 Accius
890 1401 1063 1432 Troadibus
1090 1404 1273 1433 nocturna
1299 1413 1387 1434 saxo

175 1540 187 1563 1
207 1536 297 1563 fessus
317 1535 447 1571 generale
467 1557 472 1562 .
490 1557 494 1561 .
512 1556 518 1561 .
537 1534 721 1568 venientium]
742 1542 828 1561 exscr.
849 1533 913 1560 Isid.
929 1541 967 1560 or.
983 1533 1007 1559 X
1026 1535 1073 1559 101
1095 1533 1128 1559 cf.
1149 1533 1206 1561 diff.
1222 1534 1296 1561 verb.
1312 1537 1363 1561 241
1379 1535 1380 1569 ἢ

101 1576 117 1599 2
136 1573 180 1599 ter
216 1573 250 1599 A.
274 1572 340 1598 V111
364 1575 415 1598 232
439 1573 448 1604 ΙΙ
473 1574 487 1598 7
513 1570 621 1606 010010]
645 1570 674 1607 in
697 1570 776 1596 Verr.
802 1570 854 1596 act.
879 1577 931 1595 300.
957 1568 995 1594 III
1021 1572 1048 1602 7,
1071 1571 1102 1594 18
1126 1570 1135 1603 fl
1159 1572 1173 1595 9
1198 1569 1310 1604 frugum

100 1609 180 1642 parte
219 1608 252 1635 cf.
273 1608 344 1635 Don.
364 1608 400 1634 ad
420 1607 481 1634 Ter.
502 1606 613 1640 adelph.
633 1606 658 1632 V
678 1608 703 1639 8,
723 1609 755 1632 27
777 1606 805 1632 et
823 1605 935 1631 Phorm.
955 1604 981 1630 II
1001 1607 1029 1637 2,
1050 1607 1091 1630 18.
1120 1604 1184 1632 Isid.
1206 1614 1244 1632 or.
1265 1605 1342 1632 XVII
1362 1609 1386 1638 6,

100 1647 142 1671 23.
162 1643 219 1670 diff.
239 1644 314 1670 verb.
335 1643 410 1677 24711
425 1646 458 1669 10
478 1642 638 1676 medioque]
659 1642 691 1668 A.
708 1642 746 1667 VI
764 1644 812 1667 111
828 1641 837 1674 ΙΙ
853 1643 884 1666 13
900 1640 982 1666 multi
1001 1640 1249 1674 hysteroproteron
1269 1650 1291 1669 e.
1308 1650 1333 1674 q.
1351 1641 1384 1675 3.]

101 1679 135 1706 cf.
155 1679 226 1706 Don.
247 1679 283 1706 ad
303 1679 364 1706 Ter.
384 1678 496 1712 adelph.
516 1678 541 1703 V
561 1681 585 1710 3,
605 1681 639 1703 60
658 1678 667 1711 11
692 1680 724 1703 16
744 1685 816 1702 nunc
837 1676 953 1710 torrete]
973 1684 1067 1710 georg.
1088 1676 1100 1701 Ι
1120 1678 1171 1702 267
1190 1677 1200 1709 ΙΙ
1220 1679 1252 1703 19
1272 1677 1301 1703 et
1320 1677 1386 1710 quia

100 1723 123 1742 e.
138 1724 165 1749 q.
181 1715 214 1749 3,]
235 1723 321 1742 exscr.
340 1715 404 1741 Isid.
425 1723 463 1741 or.
483 1714 533 1740 XV
554 1717 578 1745 6,
598 1716 614 1739 4
634 1714 662 1739 et
680 1712 759 1739 XVII
778 1716 803 1744 3,
824 1715 839 1738 5
862 1713 871 1746 1]
895 1713 927 1738 22
947 1711 1071 1746 Persius]
1092 1712 1141 1738 sat.
1162 1712 1174 1738 I
1194 1714 1227 1738 58
1251 1713 1260 1746 ΙΙ
1279 1715 1313 1738 24
1333 1713 1385 1738 Ac-

100 1750 172 1786 cius]
191 1752 263 1785 trag.
283 1751 362 1778 Rom.
382 1750 431 1777 rel.
450 1758 505 1777 100.
524 1749 606 1776 111111),
626 1758 653 1783 p.
675 1751 725 1775 197
745 1748 787 1775 ed.
810 1748 834 1774 ΙΙ

172 1879 187 1902 2
206 1876 296 1903 fessus
315 1875 409 1902 animo
429 1896 434 1901 .
452 1896 457 1902 .
474 1897 479 1902 .
498 1874 642 1908 proprium
661 1882 711 1900 om.
731 1874 765 1899 H
779 1873 788 1906 ΙΙ
807 1872 861 1906 ter]
882 1872 910 1898 et
928 1871 993 1897 LH
1007 1872 1017 1905 ΙΙ
1041 1874 1056 1898 5
1077 1871 1302 1906 diminutionem]
1322 1871 1383 1898 imi-

99 1911 235 1939 tationem
254 1912 288 1938 H
308 1912 317 1945 ΙΙ
341 1915 356 1938 6
375 1911 517 1945 ponuntur
536 1909 594 1936 BC
614 1911 623 1944 ss
646 1913 660 1936 7
681 1918 746 1935 nam
767 1908 861 1934 Cicero
883 1928 887 1932 .
905 1929 909 1934 .
927 1928 932 1933 .
953 1907 1048 1933 vocari
1066 1915 1115 1934 om.
1135 1907 1162 1932 Β
1182 1908 1191 1940 ΙΙ
1210 1910 1225 1934 8
1246 1908 1274 1934 et
1293 1908 1384 1934 osten-

100 1947 164 1974 dere
184 1947 217 1973 K
226 1948 236 1981 ΙΙ
251 1950 284 1974 10
303 1947 339 1974 ab
358 1946 499 1973 eminente
518 1946 568 1972 sub
587 1946 681 1972 mento
700 1945 772 1970 ΒΜ
778 1943 820 1976 0³,
840 1943 896 1969 nisi
915 1943 987 1976 quod
1006 1942 1170 1969 aleminenti
1188 1943 1215 1968 Β
1229 1943 1239 1976 Ι]
1252 1942 1384 1969 liberatas

100 1983 134 2010 de
149 1983 274 2017 periculo
294 1983 340 2010 uel
359 1991 393 2009 ex
411 1982 553 2016 insperato
574 1981 667 2008 saluas
686 1982 718 2007 ut
738 1980 760 2006 G
781 1981 790 2013 ῃ
817 1982 846 2005 11
873 1977 966 2012 recepi
987 1977 1016 2004 C.
1053 1979 1182 2005 memoria
1206 1979 1303 2011 fefellit
1322 1978 1383 2005 Sco·⁴

99 2019 181 2046 vium.
196 2020 206 2053 ΙΙ
219 2018 248 2045 id
268 2019 310 2045 est
328 2018 461 2045 liberavit
479 2026 527 2044 om.
545 2017 568 2044 G
579 2018 588 2050 ΙΙ
604 2020 636 2043 13
651 2017 688 2043 αι]
702 2025 726 2043 v.
744 2019 792 2042 170
809 2015 845 2040 Et
858 2015 964 2040 torrere
985 2035 990 2040 .
1007 2034 1012 2039 .
1030 2034 1035 2040 .
1056 2013 1134 2048 saxo]
1155 2013 1238 2040 multi
1257 2013 1383 2047 hystero-

101 2055 234 2089 proteron
253 2054 353 2088 putant
372 2076 378 2081 .
395 2076 401 2081 .
418 2075 422 2080 .
442 2053 534 2087 frangi
554 2053 689 2079 videmus.
711 2052 738 2077 P
764 2050 859 2085 pinsor
877 2049 990 2084 pistoris
1009 2049 1096 2084 pinsit
1119 2049 1214 2075 tundit
1232 2050 1290 2076 ead.
1310 2058 1382 2077 man.

100 2090 132 2116 in
148 2098 235 2124 marg).
260 2091 269 2124 ΙΙ
294 2093 327 2116 14
350 2089 428 2124 quia]
451 2089 526 2122 quod
549 2089 576 2114 B
605 2098 631 2122 q3
657 2087 688 2113 K
708 2088 717 2121 ΙΙ
743 2090 773 2113 16
798 2085 883 2112 etiam
907 2093 957 2111 om.
985 2085 1012 2110 P
1032 2086 1042 2118 ΙΙ
1065 2093 1094 2111 30
1117 2084 1243 2119 tuentur]
1268 2086 1384 2111 utuntur

103 2124 159 2152 GP
180 2127 189 2159 ΙΙ
213 2128 245 2152 17
270 2134 351 2152 saxso
376 2125 408 2151 K
426 2126 436 2158 ll
459 2127 492 2151 18
517 2125 546 2151 et
564 2133 613 2151 om.
639 2124 665 2149 Β
688 2124 697 2156 ΙΙ
721 2122 858 2155 hodieque
884 2120 906 2147 Ο
932 2120 1070 2154 hodieque
1095 2120 1128 2146 Η
1147 2121 1156 2155 ΙΙ
1180 2123 1213 2147 20
1242 2129 1297 2147 11011
1326 2122 1385 2147 erat

100 2187 164 2204 usus
182 2178 253 2205 ΒΜ
277 2179 286 2212 ΙΙ
309 2178 457 2212 pinsebant
477 2178 514 2203 M
535 2177 686 2209 pinsebant
705 2184 737 2201 ex
756 2175 907 2209 pincebant
926 2173 965 2199 L:
987 2173 1138 2207 pinsabant
1155 2172 1223 2198 BH
1241 2172 1384 2206 pinsibant

104 2214 136 2240 K
151 2213 316 2248 pinscebant
335 2213 358 2240 G
374 2214 408 2246 cf.
428 2214 505 2239 Neue
524 2212 662 2238 Formcnl.
689 2212 714 2237 (l.
735 2211 781 2237 lat.
803 2211 865 2244 Spr.
885 2209 930 2235 11²
950 2218 979 2242 p.
999 2212 1051 2235 416
1071 2211 1095 2235 et
1114 2211 1164 2235 422
1188 2209 1198 2242 ΙΙ
1221 2211 1253 2234 22
1274 2207 1382 2241 pinsere

101 2271 107 2277 .
124 2272 130 2278 .
147 2271 153 2277 .
172 2249 260 2284 pinsit
278 2258 328 2276 om.
348 2249 407 2290 B'ss
430 2248 534 2283 pinseri
556 2248 588 2273 K
610 2246 713 2281 pensiri
735 2246 757 2273 C
774 2245 893 2280 (pinsere
914 2244 962 2274 C'2)
986 2245 994 2278 ΙΙ
1017 2244 1128 2271 Persius
1147 2244 1248 2278 probat
1267 2243 1309 2282 ut]
1330 2243 1382 2269 hoc

101 2293 182 2311 uersu
200 2285 302 2319 probat
320 2293 426 2319 perfflus
447 2284 469 2310 0
489 2284 587 2318 quibus
610 2284 641 2309 ut
659 2291 735 2316 supr.
754 2290 819 2321 vqs.
844 2281 906 2308 add.
928 2280 1033 2314 031124
1053 2279 1165 2314 accipus
1187 2278 1210 2305 O
1227 2280 1328 2313 (aecius
1347 2287 1381 2304 m.

101 2321 163 2355 rec.)
185 2321 195 2355 ῘΙ
217 2321 381 2348 nocturnam
403 2319 426 2347 G
443 2328 493 2346 nec
513 2319 592 2345 furno
612 2318 776 2345 Ribbeckius
799 2317 808 2351 11
830 2317 895 2343 faxo
916 2315 1079 2342 Ribbeckius

1415 394 1430 417 5

1415 661 1447 684 10

1411 927 1443 951 15

1408 1194 1442 1217 20
