1630 2684
0 0 128 28 alffius.
134 0 179 24 am
185 0 214 23 21³
271 0 274 2 ’
314 7 315 10 =

482 175 597 203 COMM.
615 175 656 203 IN
674 174 782 203 VERG.
802 174 885 202 AEN.
905 175 939 202 ΙΙ.
959 178 1110 202 458—469.
1369 173 1434 205 291

154 258 191 290 de
218 257 332 290 tabulis
358 257 484 299 fiebant,
510 257 591 289 unde
617 256 761 298 hodieque
787 257 823 288 in
850 257 1000 298 aedificiis
1026 256 1219 297 sumentibus
1240 256 1382 297 primum
1410 258 1439 288 et

155 311 320 344 seeundum
344 311 515 343 tabulatum
537 311 678 343 dicimus.
714 320 870 343 summum
888 312 991 342 autem
1010 312 1054 342 est
1070 311 1152 351 quod
1173 313 1282 342 tectum
1300 310 1437 342 sustinet.

244 364 319 397 465.
358 376 579 400 mpvzmvsom
603 364 732 404 quidam
758 366 880 403 notant,
910 364 992 404 quod
1017 374 1080 395 mm
1102 364 1145 396 sit
1169 373 1358 405 expressum,
1385 363 1438 395 ubi

155 420 269 451 stantes
290 427 445 450 summum
473 419 581 450 tectum
607 417 797 459 immlerunt.
887 429 1019 450 anesum:
1044 427 1083 449 ne
1104 417 1264 458 provideri
1290 419 1319 448 et
1343 417 1439 448 vitari

150 472 259 512 possit.
1457 474 1473 498 5

244 525 319 557 467.
355 536 413 556 ssi*
430 537 497 556 AM!
514 537 652 559 smmwr
671 524 721 557 hic
743 525 884 564 ostendit,
902 524 1025 565 mores
1041 523 1167 565 perisse.

243 578 318 610 468.
355 586 520 610 TELORVM
548 587 705 610 INTEREA
733 586 860 610 CESSAT
889 586 1003 610 Gnuvs
1031 578 1112 609 bene
1141 576 1266 609 addidit
1294 576 1439 618 ‘genus'.

154 632 256 663 telum
281 631 366 663 enim
390 631 509 663 dicitur
532 631 707 664 secundum
731 630 888 663 Graecam
913 631 1147 673 etymologiam
1171 628 1237 663 ἀπὸ
1261 631 1322 662 τοῦ
1345 628 1439 672 τηλό-

154 687 218 717 θεν
251 685 404 727 quicquid
434 685 530 726 longe
562 669 781 726 iaciffotest:
815 696 1013 727 quamquam
1048 685 1222 727 legerimus
1257 684 1296 716 de
1329 684 1439 725 gladio

155 737 224 779 <IX
249 737 335 778 747>
359 740 399 770 at
421 749 498 770 non
520 738 591 770 hoc
614 739 734 771 telum
763 749 845 770 mea
873 738 973 780 quod
1002 738 1040 770 vi
1067 738 1228 770 dextera
1251 739 1383 770 versat
1407 739 1440 769 et
1460 742 1493 765 10

154 791 300 833 sequitur
328 790 428 823 dixit
457 793 494 823 et
522 791 718 823 sublatum
742 791 945 833 consurgit
969 791 1007 823 in
1031 802 1166 823 ensem.
1203 791 1306 823 telum
1330 793 1440 823 autem

154 844 212 876 illo
236 844 308 876 loco
332 844 453 876 dictum
475 855 495 876 a
517 845 736 887 longitudine,
759 845 844 877 unde
868 846 901 876 et
925 845 1098 877 mustelam
1123 845 1267 877 dicimus,

243 898 318 930 469.
355 906 577 930 VESTIBVLVM
601 898 822 930 ‘vestibulum'
846 901 895 930 est
918 899 1024 940 prima
1047 898 1163 930 ianuae
1186 910 1270 940 pars.
1317 898 1439 930 dictum

156 953 265 983 autem
296 951 493 983 vestibulum
522 952 573 983 vel
602 952 687 994 quod
716 952 847 984 ianuam
875 952 1008 993 vestiat,
1038 954 1075 983 ut
1102 952 1248 984 videmus
1277 962 1439 983 cameram

155 1005 280 1037 duabus
304 1006 521 1036 sustentatam
546 1004 718 1036 columnis:
742 1005 794 1036 vel
819 1004 970 1046 quoniam
990 1003 1111 1036 Vestae
1135 1006 1359 1036 consecratum
1383 1007 1441 1036 est.
1462 1009 1495 1033 15

157 1058 241 1090 unde
262 1058 419 1090 nubentes
439 1058 568 1099 puellae
588 1058 688 1090 limen
707 1069 772 1090 non
790 1059 941 1099 tangunt.
970 1057 1118 1090 Lucanus
1138 1057 1193 1099 <ΙΙ
1208 1058 1295 1099 359>
1314 1060 1441 1089 trans-

156 1112 378 1144 lata-vitat
410 1112 639 1154 contingere
677 1111 812 1143 limina
849 1112 995 1153 planta.
1046 1111 1176 1153 singula
1209 1111 1294 1143 enim
1328 1111 1442 1144 domus

157 1167 285 1198 sacrata
309 1166 386 1197 sunt
406 1164 483 1197 diis:
505 1167 542 1197 ut
561 1165 668 1197 culina
687 1165 873 1207 penatibus,
897 1165 1064 1206 maceries,
1089 1175 1169 1206 quae
1185 1165 1288 1196 ambit
1302 1165 1443 1206 domum,

156 1218 281 1251 Hereeo
305 1218 384 1250 Iovi.
430 1228 505 1250 sane
526 1219 646 1251 videtur
667 1219 848 1251 vestibulum
871 1221 900 1250 ct
922 1219 1015 1251 limen
1032 1229 1093 1259 pro
1116 1228 1182 1250 una
1204 1229 1238 1249 re
1260 1219 1385 1251 dixisse.

156 1281 316 1304 PYRRHVS
346 1283 365 1304 a
392 1272 502 1304 colore
529 1283 632 1305 comae
659 1273 777 1314 dictus,
806 1272 861 1314 qui
885 1272 1001 1304 Latine
1030 1272 1146 1304 burrus
1175 1272 1300 1304 dicitur.
1346 1273 1392 1303 ita
1415 1274 1443 1303 et
1461 1277 1496 1301 20

156 1325 326 1359 Sallustius
349 1324 520 1366 ‘Crispusi

228 1442 245 1467 8
263 1440 351 1467 telum
371 1440 445 1467 enim
465 1440 567 1467 dicitur
586 1463 592 1468 .
608 1462 614 1467 .
631 1462 637 1468 .
657 1441 807 1468 mustelam
826 1440 954 1475 dicimus]
974 1448 1061 1467 exscr.
1076 1439 1139 1468 Isid.
1155 1440 1224 1474 orig.
1240 1440 1331 1467 XVIII
1346 1443 1370 1474 7,
1388 1443 1420 1467 10
1434 1441 1441 1475 Η

160 1479 193 1503 13
212 1475 320 1503 dictum
340 1484 363 1503 e.
382 1485 409 1510 q.
429 1476 462 1511 s.]
483 1477 517 1503 cf.
538 1476 645 1503 Gellius
664 1477 728 1504 XVI
747 1479 763 1503 5
783 1477 812 1504 et
830 1477 894 1503 Isid.
915 1476 984 1511 orig.
1004 1476 1054 1503 XV
1074 1479 1099 1510 7,
1118 1479 1134 1502 2

231 1586 244 1609 1
264 1582 382 1618 tabulis]
401 1582 506 1610 talibus
525 1583 553 1609 P
567 1585 576 1617 ΙΙ
597 1583 660 1610 odie
682 1583 709 1609 P
725 1584 735 1617 ΙΙ
758 1586 773 1610 2
793 1583 881 1618 quod]
901 1591 973 1617 quae
995 1583 1023 1609 P
1038 1583 1048 1616 11
1068 1583 1174 1609 tectum
1194 1583 1237 1609 est
1256 1582 1376 1609 sustinet
1396 1582 1419 1609 0
1434 1583 1443 1617 Η

152 1621 175 1647 ,3
194 1619 295 1645 notunt
315 1618 338 1645 G
357 1619 367 1652 ss
391 1622 405 1645 7
425 1619 463 1645 ad
480 1627 504 1645 v.
524 1621 576 1645 468
601 1619 733 1645 Telorum
751 1618 860 1646 interea
878 1619 968 1646 cessat
987 1618 1087 1653 genus]
1111 1618 1183 1645 bene
1201 1618 1311 1645 addidit
1330 1618 1440 1652 ‘genus’

160 1675 166 1680 .
183 1675 188 1680 .
205 1674 211 1680 .
231 1654 346 1680 dextera
365 1653 483 1688 (dextra)
503 1655 605 1681 uersat.
641 1654 690 1680 sed
709 1654 760 1681 illo
779 1654 841 1681 loco
860 1663 878 1681 a
895 1653 1071 1689 longitudine
1091 1653 1197 1680 dictum
1217 1654 1271 1687 est,
1290 1654 1322 1679 ut
1340 1655 1443 1680 muste-

160 1689 218 1716 lam
238 1689 363 1717 dicimus.
383 1689 412 1715 P
430 1690 439 1723 ΙΙ
462 1692 478 1715 8
499 1691 527 1716 et
545 1689 713 1724 thimologia
733 1689 756 1716 0
782 1689 995 1724 ethimologiam
1014 1689 1080 1716 LH
1104 1689 1294 1723 etimologiam
1315 1689 1343 1715 P
1366 1690 1443 1723 ethy-

158 1724 311 1759 mologiam
332 1725 370 1751 M
390 1726 400 1759 ΙΙ
426 1733 498 1751 nano
519 1735 568 1752 τογ
592 1733 710 1752 rnacoeu
731 1725 785 1751 GP
806 1725 845 1759 (id
864 1727 907 1752 est
929 1726 992 1752 add.
1015 1725 1054 1760 P)
1082 1733 1136 1751 ano
1155 1734 1208 1751 τογ
1229 1733 1317 1751 owner<
1336 1725 1361 1750 L
1390 1735 1443 1751 Λπο

157 1770 207 1786 'mx'
222 1769 359 1787 THCCOOON
373 1761 407 1787 H
422 1769 477 1787 auo
492 1771 543 1787 τογ
558 1769 657 1787 ’ruaoes
674 1761 711 1787 Μ
722 1762 732 1795 ss
746 1764 761 1787 9
776 1761 926 1795 legerimus
941 1761 1022 1797 IAM..-
1041 1760 1098 1794 legi
1113 1760 1231 1787 dicimus
1246 1760 1270 1787 0
1286 1760 1405 1794 legimus
1420 1760 1448 1786 P

158 1795 247 1829 legeri
262 1796 295 1822 H
305 1797 316 1830 ΙΙ
331 1799 364 1823 10
379 1796 476 1823 dexter
491 1797 514 1823 G
536 1797 664 1823 dexterat
679 1796 712 1822 H
722 1798 732 1830 ΙΙ
746 1797 850 1831 versat]
871 1797 943 1823 sicut
957 1796 1056 1823 Graeci
1094 1796 1156 1826 έλος
1169 1796 1258 1822 telum
1273 1795 1371 1822 dicunt
1385 1793 1441 1822 ἀπὸ

159 1832 210 1858 τοῦ
227 1832 339 1866 βαλλεῖν
358 1833 421 1859 add.
438 1832 467 1858 D
481 1833 510 1859 et
524 1853 530 1858 .
547 1854 552 1859 .
570 1853 575 1859 .
592 1840 685 1859 ensem
704 1833 827 1859 omittens
841 1833 850 1866 ΙΙ
866 1835 897 1858 11
913 1831 986 1858 dixit
1003 1840 1053 1858 om.
1120 1832 1129 1866 Ι[
1143 1831 1283 1858 sublatum
1303 1831 1360 1857 alte
1379 1839 1443 1857 con-

162 1867 253 1901 surgit
272 1867 296 1894 0
321 1867 463 1894 sublatum
487 1867 559 1894 dixit
582 1867 726 1902 consurgit
745 1868 781 1894 M
802 1868 812 1902 ΙΙ
838 1868 926 1894 telum
947 1868 1041 1894 autem
1060 1866 1138 1902 illico
1157 1867 1220 1893 loco
1240 1867 1346 1893 dictum
1365 1867 1408 1893 est
1423 1866 1447 1893 G

159 1902 265 1929 dictum
284 1903 371 1929 telum
391 1904 484 1930 autem
504 1903 555 1930 illo
574 1903 636 1930 loco
653 1903 689 1929 M
702 1904 711 1937 ΙΙ
726 1906 759 1929 12
778 1903 886 1930 dictum
904 1904 947 1929 est
962 1903 991 1928 E
1003 1904 1012 1936 ΙΙ
1027 1902 1178 1929 mustelam
1197 1901 1267 1928 LP:
1292 1902 1444 1929 mustelum

96 1946 101 1949 ·
160 1938 295 1964 CHME
321 1939 355 1972 cf.
380 1939 454 1965 Serv.
480 1939 516 1965 ad
539 1939 609 1965 Aen.
634 1938 672 1964 IX
693 1941 758 1972 747,
786 1939 835 1965 ubi
857 1939 978 1965 mustela
1000 1938 1066 1964 libri
1089 1938 1096 1963 ἐέ
1125 1941 1157 1964 13
1177 1938 1214 1964 ad
1232 1946 1256 1964 υ.
1276 1940 1328 1964 46⁹
1352 1937 1443 1964 Vesti-

159 1974 269 2009 bulum]
288 1974 460 2000 uestibulum
478 1975 569 2008 prima
587 1974 672 2000 ianus.
691 1974 806 2007 (iamba)
826 1975 882 2008 est,
908 1973 1013 2000 dictum
1037 1973 1083 2000 uel
1106 1973 1172 2007 quin.
1195 1973 1306 1999 ianuam
1326 1973 1443 2005 uestiat3

159 2009 206 2035 nel
225 2010 327 2036 Vestae
347 2011 540 2036 consecratum
560 2011 613 2036 est:
641 2009 713 2036 unde
736 2010 873 2036 nubentes
896 2009 1008 2044 puellae
1031 2009 1117 2035 limen
1135 2017 1191 2035 non
1210 2010 1339 2043 tangunt„
1377 2009 1443 2043 Pyr-

159 2045 225 2071 rhus
246 2045 378 2080 (pyrrus)]
398 2054 415 2072 a
433 2046 526 2072 colore
546 2054 642 2072 comae
662 2045 766 2079 dictus,
785 2045 833 2079 qui
851 2045 939 2072 latine
957 2045 1057 2079 byrrus
1076 2044 1185 2071 dicitur.
1206 2044 1253 2078 ΡΙΙ
1273 2044 1443 2071 uestibulum

162 2101 167 2107 .
207 2101 212 2106 .
232 2080 310 2115 pars]
328 2081 499 2108 uestibulum
518 2082 561 2108 est
579 2081 670 2115 prima
688 2080 773 2107 ianua
788 2081 811 2107 C
822 2082 831 2115 ΙΙ
847 2084 880 2107 14
899 2080 1037 2115 videmus]
1058 2080 1176 2107 dicimus
1192 2080 1215 2106 G
1226 2081 1235 2114 ΙΙ
1251 2083 1283 2106 15
1299 2079 1444 2115 quoniam]

160 2123 215 2142 non
234 2116 290 2152 iam
310 2116 401 2150 0111ss
420 2117 552 2151 tangunt]
574 2125 609 2143 ne
628 2116 736 2143 numini
755 2116 880 2143 dicatum
898 2116 992 2143 locum
1011 2116 1152 2142 calcantes
1172 2115 1350 2150 sacrilegium
1370 2124 1443 2142 com-

159 2151 275 2178 mittant
293 2152 357 2178 cula.
376 2152 406 2178 D
419 2152 428 2186 ΙΙ
446 2152 583 2179 translata
601 2152 675 2178 uitat
694 2152 728 2178 O:
747 2152 886 2179 translata
905 2152 984 2178 uetat
1002 2151 1028 2177 L
1047 2151 1248 2185 (translataque
1264 2152 1284 2185 l)
1309 2151 1443 2178 tranlata-

161 2194 215 2219 que
234 2188 295 2214 erat
313 2187 346 2213 Η
369 2188 563 2222 translateque
582 2188 661 2214 uetat
677 2188 714 2214 M
739 2187 878 2214 translata
895 2186 987 2214 uetuit
1004 2187 1116 2214 Lucam·
1130 2187 1298 2221 exemplaria
1311 2188 1320 2222 ΙΙ
1335 2190 1368 2213 17
1389 2186 1443 2212 sin-
1493 2208 1497 2213 .

160 2222 228 2256 gula
246 2222 321 2249 enim
340 2223 465 2250 membra
484 2223 583 2250 domus
598 2224 627 2249 D
640 2224 650 2257 ΙΙ
666 2226 698 2250 18
718 2222 841 2250 culmina
857 2223 894 2249 M
897 2223 941 2249 El
954 2223 964 2257 ΙΙ
977 2222 1031 2249 diis
1045 2222 1194 2257 penatibus
1213 2222 1389 2257 (poenatibus
1405 2222 1444 2254 E)

164 2257 235 2283 ME
256 2259 266 2292 ΙΙ
288 2258 424 2285 maceries
443 2259 476 2285 H
495 2259 505 2293 ΙΙ
528 2259 627 2286 domus
648 2258 671 2285 0
690 2260 700 2292 ΙΙ
729 2262 761 2285 19
784 2259 903 2285 hercaeo
929 2259 964 2285 0:
986 2258 1097 2285 herculi
1113 2258 1209 2284 LHE
1236 2258 1362 2284 herculio
1384 2258 1419 2283 M
1436 2259 1444 2291 ,Ι

162 2292 234 2319 iouis
254 2293 278 2320 0
293 2295 298 2328 Ι
312 2302 378 2320 sane
396 2295 510 2328 scripsi:
529 2295 594 2321 ante
611 2294 639 2321 Ο.
660 2294 774 2328 antique
794 2294 830 2320 F.
845 2294 995 2321 Schoellius
1008 2294 1017 2328 ΙΙ
1031 2297 1065 2320 20
1083 2304 1183 2321 Pvnnvs
1200 2293 1223 2321 Ο
1244 2302 1361 2320 Puruuvs
1382 2293 1418 2318 Μ
1436 2295 1444 2326 U

162 2328 255 2355 calore
311 2330 389 2363 (corr.
401 2330 420 2363 l)
434 2331 444 2364 ΙΙ
457 2330 517 2365 qui]
533 2330 601 2365 quia
614 2330 640 2356 L
653 2331 663 2364 ΙΙ
677 2331 775 2357 burrus
789 2330 901 2364 scripsi:
915 2330 1012 2364 byrrus
1028 2330 1089 2356 GH
1104 2330 1223 2363 byrrhus
1238 2330 1264 2355 L
1282 2329 1373 2355 birrus
1387 2328 1423 2354 M
1436 2330 1445 2362 ΙΙ

162 2363 277 2399 dicitur]
301 2373 319 2391 a
342 2365 435 2392 calore
459 2366 562 2399 (colore
581 2366 601 2399 l)
633 2374 687 2400 quo
711 2365 874 2400 tingebatur
897 2366 961 2392 add.
980 2365 1006 2391 L
1038 2374 1055 2392 a
1078 2365 1171 2392 colore
1195 2365 1261 2399 quia
1283 2363 1445 2398 tingebatur

162 2399 227 2426 add.
246 2399 280 2426 H
308 2408 364 2434 quo
382 2400 544 2435 tingebatur
562 2402 627 2429 acld.
647 2402 677 2427 E
694 2401 751 2436 (sed
768 2403 906 2436 expwncta
923 2403 999 2436 sumt)

1178 2444 1230 2471 19*
