1630 2684
473 147 585 174 COMM.
605 147 644 173 IN
664 147 772 174 VERG.
791 148 875 176 AEN.
896 149 915 176 1.
937 152 1084 176 730—738.
1354 150 1420 181 205

138 231 237 262 ritum
259 230 493 270 Romanorum,
525 229 580 270 qui
608 229 752 270 panicias
782 232 990 271 sacratasque
1020 242 1147 262 mensas
1176 231 1354 273 habebant,
1387 232 1421 263 in

139 295 219 325 quas
244 283 405 323 libabant,
429 283 464 313 ut
488 283 538 313 est
561 282 655 313 heus
680 282 797 314 etiam
822 294 973 315 mensas
997 285 1268 326 consumimus,
1293 285 1421 326 inquit

138 336 254 369 Iulus.
344 348 474 368 Lamon!
492 348 560 368 mm
568 348 615 368 νιν
634 337 783 376 ΗοΝοκεΜ]
809 336 898 368 *diis
920 338 1002 368 enim
1024 337 1225 378 hospitalibus
1248 341 1275 369 et
1293 338 1362 369 Iovi
1386 339 1419 369 in

138 400 277 422 mensam
301 389 490 421 libabatur.*
1287 391 1291 395 '

228 443 300 476 737.
337 451 465 474 LIBATO
490 442 644 475 delibato.
727 456 826 475 symm
847 457 941 476 rmvvs
962 454 1056 484 usque
1079 445 1122 476 ad
1145 444 1241 476 labra.
1323 453 1420 475 ATTI-

137 506 196 530 Gl'r
229 506 298 529 ORE
332 498 364 529 et
396 496 622 528 verecundiam
655 497 787 539 reginae
821 498 978 539 ostendit,
1008 500 1041 529 et
1074 509 1196 530 morem
1228 497 1420 530 Romanum.

135 562 211 582 nam
234 550 320 592 apud
343 550 482 582 maiores
506 552 636 582 nostros
659 550 801 582 feminae
826 562 892 583 non
914 552 1090 583 utebantur
1115 551 1202 592 vino,
1226 551 1289 583 nisi
1313 563 1419 583 sacro-

135 615 208 636 rum
233 615 330 636 causa
353 604 449 636 certis
474 604 597 636 diebus.
644 604 781 647 denique
805 605 926 637 femina
957 616 1038 647 quae
1063 605 1122 637 sub
1146 605 1284 637 Romulo
1308 605 1419 636 vinum

138 657 224 689 bibit
256 657 362 690 occisa
394 659 443 689 est
476 669 495 690 a.
527 658 659 700 marito,
687 658 875 690 Mecennius
908 659 1092 700 absolutus,
1123 659 1156 690 id
1189 658 1274 690 enim
1302 669 1419 690 nomen

134 711 262 744 marito.
309 711 356 743 sic
379 710 521 743 Granius
545 711 733 743 Licinianus
758 722 854 744 cenae
879 723 964 744 suae.

224 765 296 797 738.
335 774 407 796 'rVM
431 774 548 796 BITIAE
577 776 634 806 per
663 766 838 797 transitum
861 766 1043 798 Poenorum
1077 767 1193 798 ducum
1217 766 1349 798 nomina
1372 766 1417 797 in-

133 818 284 851 troducit.
338 830 414 850 nam
446 819 552 851 Bitias
591 819 705 851 classis
741 819 881 851 Punicae
918 820 982 851 fuit
1018 820 1215 862 praefectus,
1252 822 1289 851 ut
1326 820 1418 851 docet

133 870 260 914 Livius,
283 872 380 914 Iopas
404 883 481 904 vero
505 884 560 904 rex
580 873 749 914 Afrorum,
774 885 856 905 unus
881 874 920 905 de
940 874 1046 915 procis
1065 873 1217 914 Didonis,
1242 875 1277 904 ut
1296 873 1419 905 Punica

132 926 274 958 testatur
296 926 443 958 historia.
479 927 612 958 servavit
633 929 735 958 autem
758 924 795 958 τὸ
819 926 964 968 πρέπον.·
987 938 1082 967 quare
1102 937 1165 958 non
1183 927 1305 959 Aeneae
1327 927 1418 968 dedit,

132 989 171 1011 ne
196 982 253 1011 aut
279 980 530 1012 contumeliosum
557 981 709 1012 videretur
736 983 792 1011 aut
813 981 967 1021 petulans.
1062 989 1291 1012 INGREPITANS
1320 981 1416 1012 incla-

133 1043 240 1075 mans,
264 1034 299 1065 ut
323 1035 512 1065 aestatem
536 1034 781 1075 increpitans
807 1045 944 1073 seram,
973 1035 1030 1066 aut
1054 1036 1138 1066 certe
1163 1044 1301 1076 arguens
1325 1034 1418 1065 fami—

133 1086 260 1118 liariter
284 1086 458 1128 segnitiem
482 1087 573 1119 tarde
598 1087 801 1129 accipientis,
832 1099 906 1119 cum
938 1089 1023 1119 esset
1054 1087 1166 1119 avidus
1198 1088 1232 1119 in
1262 1088 1417 1128 bibendo3

132 1150 209 1171 nam
231 1141 368 1181 sequitur
392 1140 461 1172 ‘ille
482 1140 627 1181 inpiyer’.
669 1141 778 1173 melius
801 1144 903 1173 tamen
926 1141 1093 1181 accipimus
1115 1142 1202 1173 clara
1225 1151 1293 1172 voce
1314 1141 1416 1172 horta-

132 1195 210 1233 tum,
242 1196 278 1225 ut
308 1194 444 1226 Plautus
476 1205 589 1235 neque
625 1205 684 1235 eyo
716 1195 763 1226 ad
793 1205 954 1227 mensam
984 1195 1159 1235 publicas
1194 1205 1251 1226 res
1287 1195 1417 1236 clamo,

130 1247 243 1288 neQue
275 1248 370 1288 leyes
401 1258 504 1288 crepo
541 1250 569 1279 et
602 1248 756 1280 Horatius
787 1250 871 1289 quis
901 1252 989 1289 post
1019 1249 1106 1280 vina
1135 1259 1283 1289 ¹qravem
1315 1249 1416 1280 mili-

132 1301 223 1332 tiam
245 1303 311 1332 aut
327 1302 548 1342 pauperiem
570 1302 711 1341 crepet?
799 1311 926 1334 HAVSIT
951 1302 1045 1334 modo
1066 1302 1203 1343 accepit,
1228 1313 1285 1334 nec
1304 1313 1417 1343 possu-

131 1365 203 1386 mus
227 1354 417 1396 intellegere
461 1355 537 1395 ibit,
561 1365 634 1386 cum
658 1355 719 1386 hoc
739 1358 893 1397 sequatur
917 1355 965 1387 ‘et
987 1356 1084 1397 pleno
1109 1366 1142 1387 se
1166 1355 1289 1397 proluit
1313 1356 1416 1387 auro'.

131 1407 211 1439 alibi
230 1408 325 1448 vidit,
350 1410 387 1440 ut
407 1399 539 1439 h³usit
562 1408 710 1440 caelum
735 1411 975 1451 mentemque
1000 1409 1161 1450 recepit,
1186 1409 1264 1440 alibi
1285 1409 1417 1455 audivit,

132 1462 168 1492 ut
190 1472 398 1503 vocemque
422 1462 482 1493 his
507 1462 666 1494 auribus
690 1462 818 1504 hausi,
843 1463 921 1494 alibi
945 1463 1108 1504 vulnerat,
1136 1464 1173 1494 ut
1196 1463 1301 1494 latus
1325 1463 1416 1494 hau—

130 1515 184 1546 rit
207 1518 393 1556 apertum.
439 1519 472 1547 et
496 1517 599 1548 multa
623 1517 687 1548 alia
711 1527 770 1558 pro
794 1517 865 1548 loco
890 1517 1061 1558 significat.

201 1651 217 1674 2
236 1648 318 1683 heus]
337 1649 369 1676 A.
390 1648 440 1675 VII
462 1652 512 1675 116
532 1650 541 1682 11
561 1651 575 1675 7
596 1657 661 1675 nam
680 1649 755 1682 apud
776 1670 781 1674 .
798 1669 803 1675 .
821 1669 826 1674 .
846 1648 957 1683 diebus]
978 1656 1063 1675 exscr.
1083 1649 1146 1675 Isid.
1167 1649 1236 1683 orig.
1256 1649 1307 1675 XX
1327 1653 1351 1681 3,
1371 1653 1386 1675 2
1406 1651 1414 1680 ἱ]

130 1687 163 1710 13
182 1684 289 1719 Livius]
315 1684 417 1718 fragm.
442 1687 457 1710 6
481 1684 573 1711 Hertz.
601 1686 610 1718 ΙΙ
640 1688 671 1710 16
697 1684 845 1717 aestatem]
871 1692 964 1717 georg.
992 1684 1027 1709 IV
1053 1686 1103 1710 138
1131 1685 1141 1718 ΙΙ
1171 1688 1202 1710 19
1226 1684 1356 1719 Plautus]
1380 1685 1413 1711 cf.

128 1719 277 1746 Ritschelii
296 1720 390 1747 adnot.
416 1719 476 1747 crit.
502 1720 538 1746 ad
563 1720 620 1747 mil.
642 1720 680 1745 111
700 1723 729 1751 4,
754 1723 787 1746 43
809 1728 867 1753 sqq.
896 1721 905 1753 ΙΙ
932 1723 966 1745 20
989 1720 1133 1754 Horatius]
1160 1729 1243 1746 carm.
1269 1721 1279 1746 1
1307 1724 1351 1753 18,
1371 1723 1386 1745 5
1406 1720 1415 1757 1]

129 1758 162 1782 21
183 1764 281 1782 nnvsn·
298 1756 382 1782 modo
402 1755 513 1789 accepit
531 1764 553 1783 e.
570 1765 596 1789 q.
613 1756 646 1790 s.]
667 1755 701 1782 cf.
722 1755 828 1782 Nonius
848 1764 875 1789 p.
895 1758 947 1781 319
967 1755 1002 1782 M.
1027 1757 1036 1788 ΙΙ
1059 1759 1092 1781 23
1113 1756 1220 1790 hausit]
1240 1756 1271 1782 A.
1292 1756 1316 1781 X
1336 1758 1386 1781 899
1407 1773 1413 1780 „

129 1794 164 1817 24
182 1791 348 1826 vocemque]
372 1791 403 1818 A.
424 1791 462 1817 IV
481 1794 533 1817 359
556 1792 566 1825 ss
588 1791 675 1826 latus]
697 1791 729 1817 A.
749 1791 773 1817 X
793 1794 845 1817 314

200 1919 216 1942 5
235 1917 273 1943 ad
290 1925 314 1943 v.
336 1919 386 1942 737
414 1916 528 1942 Summo
548 1916 641 1950 tenus]
666 1924 754 1949 usque
779 1916 815 1942 ad
838 1916 925 1942 labra.
965 1915 1069 1949 Attigit
1088 1917 1146 1950 ore]
1168 1917 1196 1942 et
1214 1915 1412 1942 uerecundiam

130 1951 243 1986 reginae
265 1974 270 1979 .
289 1973 294 1978 .
310 1973 315 1979 .
337 1951 420 1978 certis
439 1952 545 1978 diebus.
566 1952 594 1977 P
608 1952 617 1984 ΙΙ
638 1961 734 1977 mum-o
755 1961 842 1977 svnno
862 1961 944 1977 vrmws
965 1960 1070 1977 AT'rlGl'r
1090 1961 1138 1977 om:
1159 1952 1250 1985 Usque
1270 1951 1305 1977 ad
1324 1952 1411 1979 labra.

128 1987 165 2013 Et
192 1987 389 2014 verecundiam
418 1988 533 2019 Daniel,
562 1995 647 2020 neque
677 1986 862 2013 C'assellanum
890 1987 969 2012 aliud
996 1987 1122 2013 habuisse
1150 1987 1311 2013 adnotatum
1338 1990 1383 2014 est.
1403 1988 1412 2022 Η

130 2026 144 2049 7
164 2022 285 2049 feminae
304 2031 354 2049 mn.
377 2024 403 2048 Ρ
415 2024 424 2057 ΙΙ
439 2023 533 2049 uinum
556 2023 583 2048 P
595 2024 604 2056 11
624 2026 639 2049 8
660 2022 778 2055 denique
798 2022 903 2048 femina
922 2044 927 2049 .
945 2043 950 2048 .
967 2043 972 2047 .
993 2030 1077 2048 cenae
1097 2031 1162 2049 suae
1183 2031 1232 2050 om.
1253 2023 1277 2049 Ο
1293 2024 1302 2057 ΙΙ
1321 2026 1336 2049 9
1356 2032 1412 2049 me-

128 2058 240 2085 cennius
259 2059 286 2085 B
306 2058 478 2093 meceslnius
498 2059 523 2084 L
543 2058 701 2084 Metennius
721 2058 750 2083 Il
780 2058 919 2084 mecenins
940 2058 973 2083 M
1004 2058 1140 2084 metenius
1160 2059 1191 2092 ΙΙΙ
1212 2061 1244 2084 10
1264 2058 1411 2084 licinianus

128 2093 248 2120 BHM:
266 2094 379 2121 luciani
383 2104 413 2120 us
433 2094 458 2120 L
478 2094 626 2128 (lucianius
645 2094 730 2134 fuisse
748 2094 865 2126 videtur)
880 2094 889 2126 l]
908 2102 1010 2119 caenae
1029 2093 1099 2119 BM
1118 2102 1202 2120 caene
1222 2094 1256 2120 ΙΙ
1266 2095 1275 2127 ΙΙ
1294 2102 1359 2120 suae
1378 2094 1410 2120 V.

128 2129 201 2156 unde
219 2130 249 2155 in
267 2130 402 2156 institutis
421 2130 622 2162 RomanoiQum
648 2129 705 2155 uini
725 2138 789 2155 usus
809 2129 940 2155 Romanis
960 2128 1070 2155 seminis
1088 2129 1202 2163 ignotus
1221 2129 1286 2162 fuit,
1305 2138 1339 2156 ne
1359 2130 1411 2156 sci

128 2164 197 2191 licet
213 2165 242 2191 in
266 2166 382 2199 aliquod
405 2165 526 2192 dedecus
549 2165 762 2199 prolaberentur
782 2165 819 2191 D.
849 2167 912 2205 post
932 2172 997 2190 suae
1018 2165 1042 2190 Π
1065 2166 1106 2191 vel
1126 2165 1149 2190 V
1167 2151 1336 2191 intercidisse
1355 2166 1412 2191 veri

128 2201 296 2227 simillimum
319 2202 428 2228 videtur
447 2201 595 2234 philoloyz's
613 2201 819 2232 Bonnensibus,
844 2201 892 2233 qui
911 2200 1015 2226 Granii
1037 2209 1106 2241 quae
1131 2203 1278 2234 supersunt
1296 2203 1410 2227 a.1858

129 2236 271 2262 ediderunt
290 2238 332 2270 (p.
348 2238 392 2270 46)
407 2238 416 2271 ΙΙ
432 2240 462 2262 11
483 2237 521 2262 ad
539 2245 562 2262 v.
580 2239 630 2262 738
651 2236 722 2262 Tum
742 2220 832 2262 Bitia'e
848 2235 974 2270 (betiae)]
994 2236 1108 2262 nomina
1128 2236 1229 2262 ducum
1244 2235 1265 2261 P
1269 2244 1407 2262 oenorum.

129 2279 194 2297 nam
219 2245 323 2298 Bitiasp
328 2272 458 2306 (boetius)
488 2271 585 2298 classis
609 2271 729 2298 Punicae
754 2271 807 2297 suit
832 2271 1002 2307 praefectus,
1027 2272 1058 2297 ut
1081 2271 1164 2298 docet
1186 2271 1288 2297 Liuius.
1328 2272 1410 2304 Iopas

129 2314 195 2332 uero
214 2316 283 2333 unus
303 2307 337 2334 de
351 2308 442 2341 procis
458 2307 587 2340 Didonis,
607 2308 638 2333 ut
653 2306 758 2333 Punica.
776 2308 897 2332 testatur
917 2292 1042 2333 histoiia.
1071 2307 1134 2333 ideo
1154 2308 1248 2333 autem
1268 2315 1322 2332 non
1343 2307 1409 2338 (non

127 2343 189 2374 om.)
213 2343 322 2369 Aeneae
346 2343 424 2369 dedit
445 2352 479 2369 ne
506 2329 740 2369 contumeliosum
768 2342 910 2368 uideretur
935 2344 984 2368 aut
1010 2343 1139 2376 petulans
1167 2363 1172 2368 .
1193 2363 1198 2368 .
1223 2363 1228 2368 .
1255 2349 1408 2376 pauperem

128 2379 231 2411 crepet.
254 2379 280 2403 1¹
301 2380 310 2412 ΙΙ
333 2388 399 2404 Tvxc
418 2379 555 2404 BLHM
576 2380 586 2411 ΙΙ
610 2382 642 2404 18
662 2387 699 2404 (m
718 2379 878 2404 hortatum?
902 2379 911 2412 [1
935 2381 965 2403 21
988 2379 1084 2411 crepat
1104 2378 1241 2403 Horatius

1439 450 1454 473 c·

1440 718 1471 741 10

1440 985 1471 1007 15

1436 1253 1470 1275 20

1435 1520 1468 1544 25
