1630 2684
472 151 584 178 COMM.
603 151 643 178 IN
662 151 770 178 VERG.
791 151 873 179 AEN.
894 151 913 178 Ι.
934 154 1083 178 682-697.
1355 150 1419 181 195

229 234 303 266 691.
340 242 518 265 PLACIDAM
537 242 602 264 PER
621 241 767 264 MEMBRA
787 241 941 270 QVIETEM
962 234 1018 263 aut
1038 232 1205 273 epitheton
1225 234 1275 263 est
1295 232 1422 273 quietis,

140 290 196 320 aut
219 287 291 319 ideo
316 285 508 329 ‘placidam'
532 286 627 327 dixit,
647 286 724 328 quia
744 288 793 317 est
813 286 917 327 quieS‚
938 296 1019 327 quae
1038 287 1147 326 potest
1166 286 1264 316 etiam
1284 286 1422 318 somnio-

141 353 213 373 rum
237 343 360 373 terrore
384 340 519 371 turbari.

231 394 304 426 692.
346 406 468 426 mnam
488 394 645 434 infundit:
663 394 791 434 proprie
813 393 888 433 quia
911 395 939 424 et
959 403 1084 425 somnus
1106 394 1150 424 sic
1168 394 1312 434 pinyitm*
1334 394 1425 434 quasi

141 457 235 480 cornu
258 447 413 487 infundat.
504 456 626 479 Fo'rVM
651 447 831 488 sublatum,
855 447 1053 487 complexum.

230 500 303 532 693.
340 509 526 532 AMARACVS
557 500 610 531 hic
640 511 719 541 puer
750 500 858 542 regius
890 500 1125 542 unguentarius
1156 500 1233 541 fuit,
1265 500 1320 542 qui
1351 511 1426 531 casu

141 554 250 595 lapsus
279 554 355 585 dum
383 553 484 585 ferret
511 556 692 595 unguenta,
726 554 882 585 maiorem
915 565 953 585 ex
983 556 1208 595 unquentorum
1238 554 1427 586 confusione

141 608 273 640 odorem
307 607 443 639 creavit:
481 607 565 639 unde
596 608 721 649 optima
751 610 919 649 unguenta
950 609 1134 639 amaracina
1164 607 1324 639 dicuntur.
1375 607 1428 638 hic

141 663 256 703 postea
278 661 312 693 in
335 661 470 693 herbam
495 672 702 703 sampsucum
727 672 838 693 versus
858 660 926 704 sest,
952 672 1047 702 quam
1072 672 1157 693 nunc
1181 661 1280 693 etiam
1305 672 1428 692 amara-

141 725 214 747 cum
237 714 357 747 dicunt.

231 769 305 801 695.
343 778 478 807 IAMQVE
503 778 584 801 IBAT
610 780 682 801 cnm
711 769 765 801 vix
789 769 900 800 Venus
931 769 996 800 ista
1024 769 1167 801 dixisset.
1219 780 1296 801 sane
1325 780 1428 810 neque

142 822 374 855 festinantibus
397 824 544 865 personis
567 835 672 865 neque
697 824 878 855 minoribus
904 825 954 855 est
977 822 1193 864 respondendi
1217 823 1370 863 facultas,
1395 824 1430 854 ut

141 876 298 908 hocloco
324 877 489 918 Cupidini,
519 876 678 909 Mercurio
704 888 803 919 supra
831 877 910 908 item
939 877 973 908 in
1002 879 1133 918 quarto„
1163 878 1200 908 ut
1229 876 1262 907 in
1291 877 1430 917 septimo

145 929 270 962 Furiae.

233 985 307 1016 697.
347 994 417 1017 CVM
441 995 549 1017 VENI'r
575 986 632 1016 aut
655 996 714 1026 pro
740 985 830 1017 ‘cum
854 984 1004 1025 veniret',
1035 986 1091 1016 aut
1122 986 1158 1016 ut
1183 983 1286 1016 ‘cum’
1312 985 1356 1016 sit
1381 984 1431 1016 ad-

145 1038 288 1070 verbium
312 1039 470 1080 temporis
494 1050 553 1080 pro
577 1039 668 1080 dum;
693 1050 751 1070 nec
775 1039 861 1070 enim
884 1041 994 1080 potest
1018 1033 1215 1070 coniunctivi
1243 1038 1331 1070 modi
1361 1050 1433 1080 par-

144 1091 246 1123 ticula
268 1092 361 1134 iungi
385 1092 571 1124 indicativo.
602 1104 679 1124 sane
703 1093 884 1134 sciendum,
908 1093 995 1124 malo
1021 1103 1128 1124 errore
1153 1092 1251 1124 ‘cum'
1277 1094 1309 1124 et
1333 1092 1433 1124 ‘dum’

145 1157 165 1178 a
187 1146 344 1179 Romanis
368 1157 438 1178 esse
463 1146 606 1178 confusa.
697 1155 847 1178 AVLAEIS
872 1146 953 1178 velis
977 1146 1088 1187 pictis,
1117 1157 1198 1188 quae
1223 1146 1295 1178 ideo
1320 1147 1435 1178 aulaea

145 1199 231 1231 dicta
254 1201 342 1241 sunt,
365 1199 451 1241 quod
474 1200 617 1241 primum
646 1200 679 1231 in
711 1200 784 1231 aula
808 1199 914 1231 Attali
943 1200 1030 1241 regis
1054 1199 1167 1239 Asiae,
1197 1200 1252 1242 qui
1280 1200 1435 1241 populum

145 1252 329 1285 Romanum
362 1253 492 1295 scripsit
524 1253 691 1295 heredem,
723 1254 856 1286 inventa
889 1255 972 1285 sunt.
1020 1254 1090 1286 ideo
1125 1256 1233 1286 autem
1268 1254 1367 1285 etiam
1400 1254 1435 1285 in

146 1306 296 1338 domibus
329 1307 546 1339 tendebantur
579 1307 707 1347 aulaea,
741 1309 777 1339 ut
810 1308 952 1339 imitatio
986 1308 1203 1340 tentoriorum
1236 1309 1342 1349 fieret,
1375 1308 1435 1339 sub

147 1360 263 1401 quibus
293 1361 453 1392 bellantes
486 1372 611 1402 semper
639 1361 829 1392 habitavere
853 1361 1006 1393 maiores:
1038 1361 1121 1392 unde
1152 1363 1185 1392 et
1215 1361 1249 1392 in
1280 1361 1435 1392 thalamis

147 1414 209 1446 hoc
246 1414 317 1446 fieri
350 1415 510 1456 hodieque
549 1414 774 1455 conspicimus.
821 1414 927 1447 Varro
966 1418 1075 1446 tamen
1112 1415 1191 1446 dicit
1228 1415 1300 1446 vela
1333 1415 1435 1446 solere

149 1468 302 1509 suspendi
322 1468 363 1500 ad
382 1468 606 1541 exc}piendum
630 1469 810 1509 pulverem,
835 1468 912 1510 quia
935 1480 1010 1500 usus
1036 1479 1182 1500 camerae
1206 1468 1435 1509 ignorabatur:

147 1521 232 1553 unde
269 1521 427 1554 Horatius
469 1522 621 1553 interea
659 1533 847 1563 suspensa
883 1522 1014 1564 gravis
1053 1522 1191 1553 aulaea
1227 1522 1362 1553 ruinas
1399 1522 1436 1553 in

148 1575 323 1616 patinam
364 1575 504 1616 fecere,
546 1575 747 1607 trahentia
788 1575 963 1616 pulveris
1006 1575 1097 1616 atri,
1139 1577 1321 1616 quantum
1363 1586 1438 1607 non

149 1627 292 1670 Aquilo
322 1627 528 1670 Campanis
558 1628 704 1660 excitat
736 1629 823 1660 oris.
875 1629 1040 1660 sciendum
1073 1639 1150 1660 sane
1179 1629 1288 1660 omnia
1317 1629 1439 1661 Graeca

149 1682 282 1714 nomina
301 1682 335 1714 in
355 1694 374 1723 η
396 1683 559 1724 exeuntia,
575 1693 647 1713 cum
662 1682 895 1714 derivationem
914 1682 1050 1724 faciunt,
1070 1695 1089 1724 η
1107 1683 1141 1714 in
1157 1694 1194 1714 ae
1209 1682 1436 1723 diphthongon

223 1791 239 1815 6
258 1788 309 1815 Βία
323 1797 392 1822 puer
413 1809 417 1814 .
436 1810 440 1814 .
458 1810 463 1814 .
484 1788 591 1822 dicunt]
617 1796 703 1814 exscr.
724 1788 863 1822 mythogr.
884 1788 896 1813 I
916 1791 957 1814 34.
984 1788 1008 1814 11
1031 1791 1088 1815 182.
1119 1788 1182 1814 lsid.
1204 1787 1271 1821 orig.
1292 1788 1331 1813 IV
1353 1791 1392 1819 12,
1413 1790 1437 1813 8.

150 1824 228 1851 XVII
255 1827 284 1858 9,
312 1827 345 1850 14
368 1825 377 1858 ΙΙ
403 1827 432 1850 11
459 1832 526 1850 sane
550 1845 555 1850 .
578 1845 583 1849 .
604 1844 609 1849 .
635 1823 767 1857 facultas}
792 1823 827 1850 cf.
853 1824 931 1850 Luct.
957 1824 1031 1851 Plac.
1057 1824 1092 1850 ad
1117 1824 1188 1850 Stat.
1214 1823 1300 1850 Theb.
1322 1823 1332 1848 1
1359 1826 1409 1849 303
1436 1824 1438 1855 h

151 1859 185 1886 cf.
205 1859 241 1886 ad
259 1869 286 1894 p.
308 1863 367 1892 194,
387 1863 421 1885 24
441 1869 480 1893 sq.
495 1860 505 1893 ΙΙ
527 1862 558 1885 18
579 1868 650 1892 quae
669 1859 732 1885 ideo
753 1859 853 1885 aulaea
874 1879 879 1884 .
897 1881 902 1885 .
919 1880 924 1885 .
944 1859 1058 1886 inventa
1078 1859 1154 1893 sunt]
1175 1867 1261 1885 exscr.
1284 1858 1348 1885 Isid.
1369 1859 1435 1892 orig.

151 1895 215 1921 XIX
235 1898 277 1929 26,
297 1898 312 1922 8
334 1896 343 1929 ΙΙ
367 1898 400 1922 25
419 1895 563 1929 Horatius]
584 1895 633 1921 sat.
654 1895 679 1921 ΙΙ
699 1897 724 1928 8,
744 1897 786 1920 54.
820 1895 853 1921 cf.
874 1894 1009 1929 Porphyr.
1031 1895 1066 1921 ad
1085 1895 1166 1921 hunc.
1186 1902 1256 1920 vers.

224 1996 240 2019 2
264 1993 349 2028 qnae]
377 1993 424 2027 qui
449 1993 472 2020 Ο
492 1994 501 2027 ΙΙ
525 1996 541 2019 4
569 1993 605 2018 cul
630 2001 652 2019 ι·
677 1995 728 2018 692
756 1991 875 2026 Inrigat]
903 1991 1027 2018 infundit
1054 1991 1166 2026 proprie
1195 1991 1262 2025 quia
1291 1990 1382 2025 (quae)
1412 1992 1440 2018 et

158 2037 270 2055 somnus
292 2049 320 2055 ..
336 2050 342 2055 .
362 2029 546 2069 complexum
567 2028 595 2054 1²
613 2029 622 2061 ΙΙ
647 2030 661 2053 5
682 2027 823 2054 sublatum
848 2036 865 2053 a
887 2027 1008 2054 fouendo
1032 2028 1061 2053 D
1084 2029 1093 2061 ΙΙ
1117 2031 1132 2054 G
1153 2028 1189 2053 ad
1207 2036 1231 2053 v.
1252 2030 1302 2053 693
1324 2027 1440 2053 Amara-

156 2064 216 2098 cus]
242 2063 288 2091 hic
311 2073 381 2098 puer
404 2064 497 2099 regius
518 2085 523 2090 .
541 2071 673 2097 ..quam
698 2071 771 2089 nunc
790 2071 951 2089 amaracum
971 2064 1137 2096 (amaracus)
1158 2062 1235 2089 dixit
1257 2063 1284 2088 P
1302 2063 1312 2096 ΙΙ
1334 2071 1439 2096 ungen-

153 2099 241 2126 tarius
260 2099 329 2126 LM
349 2101 359 2134 ΙΙ
383 2103 397 2126 7
423 2109 481 2134 ung
483 2101 548 2126 enta
572 2099 597 2125 L
620 2099 629 2132 11
653 2098 788 2125 maiorem
809 2120 813 2125 .
831 2120 836 2124 .
853 2120 858 2125 .
878 2099 1004 2131 ungenta
1023 2107 1072 2125 om.
1093 2099 1117 2124 L
1141 2099 1215 2132 (add
1236 2098 1295 2124 lin
1313 2098 1411 2131 mara.)

154 2137 170 2160 8
189 2135 342 2162 amaricina
360 2136 385 2161 L
404 2135 584 2162 amarachina
606 2135 633 2160 P
649 2135 658 2167 ΙΙ
682 2137 697 2160 9
718 2142 894 2167 sampsucum
915 2134 963 2160 M.-
983 2143 1139 2161 samsucum
1157 2134 1225 2160 BH
1240 2134 1439 2168 sampsuchum

155 2170 179 2196 G
200 2178 277 2197 sam-
261 2171 407 2205 jsusllcum
427 2171 452 2197 L
472 2179 627 2197 samsacum
649 2170 676 2195 P
694 2171 703 2203 [Ι
726 2178 821 2196 versus
841 2169 895 2204 est]
916 2169 1018 2196 dieitur
1037 2178 1133 2196 uersus
1154 2170 1208 2196 01¹
1227 2170 1236 2203 ΙΙ
1255 2169 1351 2203 quam]
1373 2178 1430 2202 qm·
1424 2177 1440 2194 ι

155 2205 189 2231 Η
213 2206 287 2239 quod
310 2206 338 2231 Β
360 2208 370 2240 ΙΙ
392 2206 478 2233 etiam
502 2215 551 2232 om.
578 2206 659 2239 01215
684 2208 716 2231 10
741 2204 812 2231 dixit
836 2204 890 2231 ΟΡ
909 2206 917 2239 ΙΙ
943 2209 974 2231 11
1000 2213 1066 2232 sane
1090 2227 1096 2233 .
1167 2204 1256 2231 furiae
1280 2213 1330 2231 om.
1354 2204 1411 2230 BG
1439 2209 1441 2212 “

158 2244 189 2267 15
209 2242 244 2268 ad
263 2250 287 2267 υ.
308 2244 358 2268 697
379 2242 447 2268 Cum
467 2242 556 2276 uenit]
578 2242 628 2267 aut
646 2249 696 2274 pro
716 2249 778 2267 cum
798 2240 976 2268 ueniret..
998 2241 1119 2267 confusa.
1141 2241 1168 2266 Ρ
1182 2242 1191 2274 Η
1210 2241 1259 2266 aut
1277 2241 1308 2266 ut
1327 2240 1440 2272 scripsi:

157 2276 197 2302 ait
214 2278 246 2303 ut
266 2276 321 2303 GP
338 2279 387 2303 aut
406 2277 463 2303 ΒΕ
471 2278 543 2303 HM
561 2277 594 2310 cf.
615 2276 653 2302 ad
667 2276 736 2302 Aen.
751 2275 776 2301 II
792 2277 867 2310 4551}
883 2279 915 2303 18
934 2285 1046 2303 invimus
1061 2276 1132 2303 uelis
1146 2275 1230 2310 pictis
1253 2296 1258 2301 .
1276 2296 1280 2301 .
1297 2297 1302 2302 .
1323 2284 1440 2300 ›momu-

156 2321 208 2340 ονε
227 2313 304 2346 (pay.
326 2316 376 2339 196
400 2314 448 2339 lin.
469 2314 495 2345 9)
519 2321 569 2339 om
591 2311 691 2345 01122
717 2319 825 2344 semper
849 2319 897 2338 om.
919 2312 945 2338 B
968 2313 977 2343 ΙΙ
1001 2315 1034 2338 23
1054 2311 1139 2338 hodie
1158 2312 1184 2337 13
1205 2312 1214 2344 ss
1238 2314 1270 2336 25
1290 2310 1363 2336 unde
1383 2310 1438 2336 Ho-

155 2346 243 2373 ratius
262 2368 268 2373 .
284 2369 291 2375 .
307 2368 313 2374 .
332 2348 388 2374 oris
407 2357 457 2375 om.
481 2348 508 2380 Β
531 2349 540 2382 ΙΙ
560 2356 708 2382 suspensus
729 2347 762 2373 ΙΙ
781 2347 790 2380 ΙΙ
809 2349 842 2373 26
863 2347 928 2374 atrii
948 2347 982 2373 H
996 2348 1006 2381 ΙΙ
1024 2350 1057 2374 27
1078 2347 1146 2381 oris]
1168 2346 1242 2380 agris
1263 2346 1328 2372 libri
1347 2345 1439 2371 Hora-

156 2383 228 2409 tiani
249 2383 259 2417 ΙΙ
282 2383 361 2417 sane]
381 2384 475 2410 tamen
495 2384 504 2410 l

1174 2426 1227 2451 13*

1445 452 1460 475 e!

1449 720 1481 743 10

1453 987 1484 1012 15

1454 1255 1487 1278 20
