1722 2670
467 162 580 190 coma.
600 161 638 188 IN
657 161 764 188 VERG.
785 162 868 189 AEN.
889 162 935 188 111.
956 164 1104 188 ese-eso.
1147 138 1150 144 ’
1355 156 1418 192 451

233 244 307 278 675.
343 258 384 277 AT
400 257 497 277 asm's
521 244 653 285 fiqurate
681 242 732 282 ‘at
753 253 849 284 yenus
876 242 1050 284 complent',
1086 246 1122 275 ut
1153 242 1221 283 <VI
1247 242 1332 284 660>
1364 242 1422 274 hic

141 309 276 339 manus
298 299 338 332 ob
354 299 524 339 patriam
540 296 744 338 pugnando
767 295 940 337 (vulnera
958 281 1092 338 passD.

232 353 306 385 676.
342 363 479 384 nxcffvu
504 361 524 382 a
551 350 639 382 verbo
669 350 730 382 ‘cio
753 350 797 382 cis
819 349 885 382 cit’.
998 358 1080 382 err
1105 350 1299 381 festinanter
1323 349 1421 391 venit,

142 409 179 439 ut
198 408 383 447 ruuntque
405 405 522 445 effusi
544 414 691 436 carcere
713 413 856 436 currus.

232 459 306 492 677.
341 466 548 497 NEQVIQVAM
571 466 705 490 Lvmnn
728 465 846 489 rrouvo
870 456 947 498 quia
969 467 1085 488 nocere
1108 467 1175 488 non
1198 457 1360 498 poterant.

233 513 307 546 678.
343 520 502 544 AETNEOS
525 519 681 543 FRATRES
706 512 763 542 aut
782 510 914 552 similes,
938 512 994 542 aut
1012 510 1143 542 feritate
1163 520 1345 552 germanOS‚
1368 511 1424 540 aut

143 567 275 601 eim
291 566 418 608 patriae
439 566 484 597 vel
503 568 609 604 terrae,
633 567 791 605 tamquam
809 564 937 596 matris:
960 574 1036 595 nam
1055 574 1121 595 non
1140 564 1216 595 sunt
1230 562 1423 604 Polyphemi

143 621 275 663 fratres,
307 630 404 662 quem
432 618 577 660 Neptuni
611 618 715 650 filium
743 617 906 650 Homerus
935 617 1023 649 dicit.
1069 617 1154 648 unde
1187 627 1225 648 eo
1258 617 1423 648 occaecato

143 674 257 708 Ulixes
284 673 420 715 pertulit
446 673 691 714 tempestatem,
723 671 779 713 qui
807 671 847 703 ad
876 681 947 702 eum
977 670 1066 702 venit
1094 670 1247 702 derelicta
1271 668 1424 711 Calypso,

143 738 216 760 cum
239 738 303 769 qua
326 726 437 759 decem
460 726 554 758 annis
578 725 696 757 fuerat:
729 724 827 765 unde,
850 725 887 755 ut
910 735 1009 765 supra
1032 723 1140 765 <623>
1164 723 1318 765 diximus,
1342 723 1422 755 Ver-

143 781 215 825 gilii
238 781 334 814 dictis
358 780 510 813 dissentit
533 781 718 821 temporum
741 778 835 810 ratio.
908 790 998 810 cAsLo
1014 788 1075 818 pro
1098 778 1133 809 iu
1156 778 1282 809 eaelum.

233 835 309 868 680.
345 842 545 867 CONIFERAE
578 843 688 865 conum
720 832 910 864 sustinentes.
955 834 983 863 et
1015 842 1114 863 conus
1149 831 1267 863 dicitur
1299 830 1423 862 fructus

144 889 296 931 cupressi,
320 890 354 920 et
375 888 450 929 ipsa
465 884 649 927 κωνοειδὴς
668 887 729 918 est:
753 897 830 917 nam
854 897 873 917 a
896 884 1096 917 rotunditate
1120 884 1154 916 in
1178 895 1314 916 acumen
1337 884 1423 916 leva-

142 944 206 976 tur.
243 940 439 984 Cyparissus
463 943 572 973 autem
596 939 735 980 Telephi
757 939 843 970 filius
867 938 939 979 fuit,
963 939 1091 970 amatus
1116 938 1157 970 ab
1182 938 1341 979 Apolline.
1373 938 1423 969 vel

144 997 181 1028 ut
204 995 270 1037 alii,
293 1006 313 1027 a
327 994 470 1036 Silvano,
494 994 550 1036 qui
573 1004 646 1026 cum
670 993 804 1025 lassatus
823 994 909 1024 aestu
927 991 982 1023 sub
1001 992 1137 1032 quadam
1155 991 1262 1024 arbore
1280 1001 1422 1023 somnum

143 1051 270 1091 caperet,
293 1049 392 1082 subito
413 1048 541 1089 strepitu
564 1048 712 1080 excitatus
730 1057 869 1087 cervum,
895 1056 990 1087 quem
1009 1046 1043 1078 in
1063 1045 1186 1077 deliciis
1206 1045 1357 1087 habebat,
1379 1045 1423 1085 fe-

143 1114 215 1136 ram
242 1103 364 1135 eredens
391 1113 449 1144 per
475 1100 694 1144 ignorantiam
729 1100 821 1131 misso
851 1099 906 1131 tezo
935 1098 1119 1140 occidisset,
1152 1098 1256 1130 flendo
1286 1098 1423 1129 nimium

145 1155 401 1190 misericordiam
425 1155 544 1187 meruit
566 1154 748 1195 numinum,
775 1153 886 1194 itaque
910 1153 944 1184 in
968 1152 1116 1184 arborem
1140 1163 1327 1193 cupressum
1352 1162 1423 1184 eon-

145 1221 257 1243 versus
281 1211 340 1251 est,
364 1210 474 1251 aptam
498 1211 530 1240 et
549 1209 771 1240 consecratam
791 1206 933 1238 lacrimis
954 1207 987 1237 et
1005 1206 1155 1238 luctibus.
1179 1205 1271 1246 *erqo
1290 1206 1425 1246 cupressi

145 1263 237 1305 quasi
258 1263 409 1305 infernae,
432 1263 478 1295 vel
500 1262 575 1303 quia
597 1261 731 1293 succisae
753 1270 816 1292 uo‘n
839 1262 1051 1300 renascuntur,
1074 1259 1120 1291 vel
1143 1259 1218 1299 quia
1236 1259 1322 1299 apud
1338 1259 1421 1291 Atti-

216 1372 233 1396 4
251 1369 402 1403 ruuntque]
422 1377 516 1403 georg.
538 1367 576 1393 III
597 1370 648 1393 104
666 1368 675 1401 ΙΙ
694 1369 709 1393 8
729 1365 879 1400 Homerus]
901 1366 951 1392 Od.
971 1366 983 1391 I
1003 1368 1036 1392 68
1056 1374 1114 1399 sqq.
1134 1366 1143 1398 ΙΙ
1164 1368 1195 1391 12
1216 1373 1301 1391 conus
1321 1364 1425 1391 dicitur

151 1426 175 1432 ..
187 1426 192 1435 ,
204 1404 328 1439 levatur]
353 1413 438 1431 exscr.
463 1404 527 1430 Isid.
552 1412 590 1430 or.
610 1403 689 1429 XVII
709 1406 737 1436 7,
758 1405 800 1428 34.
835 1401 869 1428 cf.
889 1401 1004 1435 glossar.
1025 1401 1169 1434 Sangerm.
1188 1409 1232 1434 ap.
1252 1400 1376 1427 Hildebr.
1396 1409 1423 1434 p.

145 1443 180 1502 {19
191 1449 242 1503 1⁸3⁸}
261 1441 290 1502 Et
299 1443 340 1502 1111.⁷
343 1439 514 1502 8Cyparissus
533 1440 627 1466 autem
647 1448 670 1466 e.
690 1447 717 1472 q.
737 1438 771 1473 s]
792 1437 826 1464 cf.
847 1437 923 1464 Serv.
943 1437 978 1463 ad
997 1445 1092 1471 georg.
1113 1437 1124 1462 I
1144 1439 1186 1464 20.
1207 1436 1347 1470 mythogr.
1367 1436 1379 1461 Ι
1399 1440 1424 1470 6,

221 1577 234 1600 1
255 1574 293 1601 ad
312 1574 342 1600 at
360 1581 447 1607 genus
465 1581 542 1606 supr.
560 1580 627 1599 vers.
647 1572 767 1606 figurate
785 1579 874 1606 genus
893 1570 1036 1605 complent
1055 1569 1126 1596 dixit
1144 1571 1175 1596 ut
1194 1570 1240 1596 hic
1259 1578 1357 1596 manus
1376 1579 1424 1604 pa-

145 1610 230 1637 triam
254 1609 442 1644 oppugnando
468 1608 492 1634 'l'
518 1609 527 1642 ΙΙ
555 1612 570 1634 3
592 1609 629 1634 ad
652 1607 773 1634 excitum
796 1615 871 1640 supr.
895 1615 961 1633 vers.
987 1607 1135 1633 euocatum
1161 1605 1236 1631 illius
1256 1605 1377 1631 clamore
1397 1606 1426 1631 et

146 1646 234 1672 citum
259 1654 310 1679 pro
336 1644 458 1671 excitato
482 1652 532 1678 per
559 1643 703 1677 sincopam
729 1644 758 1669 et
781 1642 860 1669 uenit
883 1651 938 1669 non
965 1650 981 1668 a
1005 1641 1064 1668 cieo
1089 1641 1138 1668 sed
1157 1649 1174 1667 a
1192 1641 1235 1667 cio
1256 1641 1295 1667 cis
1315 1640 1355 1667 cit
1375 1641 1400 1666 T
1423 1656 1424 1672 3

147 1685 163 1708 5
183 1681 318 1715 poterunt
337 1679 395 1706 FO
420 1679 533 1714 poterat
556 1679 581 1705 L
603 1679 613 1713 ΙΙ
636 1682 652 1705 6
672 1679 721 1705 aut
743 1678 849 1704 similes
922 1677 1089 1711 Polyphemi
1113 1676 1213 1703 fratres
1233 1685 1282 1703 om.
1303 1676 1367 1702 LH
1384 1677 1425 1709 (iu

146 1725 232 1751 mary.
252 1716 315 1743 add.
336 1717 356 1749 l)
376 1716 426 1742 aut
444 1715 567 1741 eiusdem
640 1714 738 1741 matris
756 1714 818 1740 hab.
839 1713 862 1740 Ο
883 1715 892 1747 11
917 1716 931 1739 7
951 1713 1035 1739 maris
1057 1712 1080 1739 0
1096 1713 1105 1746 fl
1128 1713 1165 1739 all
1184 1713 1306 1739 Aetneos
1325 1711 1425 1738 fratres

145 1761 223 1786 supr.
241 1760 308 1778 vers.
329 1751 453 1778 eiusdem
472 1750 580 1784 patriae
598 1750 646 1777 uel
664 1750 756 1776 terrae
774 1751 918 1783 tamquam
937 1749 1034 1775 matris
1058 1749 1081 1773 Τ
1107 1749 1116 1781 11
1143 1748 1242 1774 fratres
1262 1747 1426 1781 polyphemi

148 1788 219 1815 ΜΕ
231 1788 241 1821 ΙΙ
255 1791 270 1814 8
291 1787 338 1821 eo]
357 1787 400 1813 est
419 1785 443 1812 G'
453 1786 463 1820 ΙΙ
476 1786 645 1813 hoccaecato
662 1785 718 1812 FO
730 1786 740 1819 ΙΙ
754 1788 769 1812 9
789 1785 907 1818 protulit
922 1784 952 1810 F
963 1785 972 1817 ΙΙ
988 1787 1020 1810 10
1040 1783 1094 1810 fuit
1110 1783 1132 1810 G
1143 1784 1152 1817 ῙΙ
1166 1783 1251 1818 unde]
1271 1783 1303 1808 ut
1321 1783 1355 1809 de
1372 1782 1402 1809 F
1424 1783 1425 1818 ᾗ

149 1826 180 1850 11
200 1822 323 1850 desentit
336 1822 361 1848 L
375 1823 384 1856 ΙΙ
399 1830 482 1848 cni-:Lo
500 1829 550 1855 pro
569 1821 599 1847 in
618 1821 727 1848 caelum
745 1821 807 1847 hab.
825 1820 852 1847 G.
878 1821 915 1846 ad
934 1820 1011 1846 caelo
1031 1828 1105 1852 supr.
1121 1827 1187 1845 vers.
1203 1819 1239 1845 ad
1254 1818 1365 1845 caelum
1382 1819 1407 1844 T
1417 1820 1425 1853 i]

147 1859 185 1886 ad
203 1857 353 1886 concilium
373 1857 541 1884 horrendum
559 1865 634 1890 supr.
653 1864 720 1883 vers.
740 1856 829 1882 ueluti
848 1855 982 1889 explanat
1000 1855 1075 1888 quod
1094 1854 1204 1880 dixerat
1223 1854 1356 1880 aethueos
1371 1853 1426 1880 fra-

147 1895 212 1928 tres,
231 1895 263 1921 in
281 1901 367 1928 mary.
386 1892 531 1919 horridum
549 1893 648 1919 extans
667 1893 696 1918 et
714 1892 874 1926 prominens
893 1891 1062 1917 horrendum
1080 1889 1198 1916 uitabile
1216 1890 1246 1916 et
1259 1890 1363 1916 tetrum
1381 1887 1405 1915 T
1417 1890 1426 1923 Η

150 1933 182 1957 12
202 1938 302 1957 conum
325 1928 511 1955 substinentes
525 1928 590 1961 (sic)
610 1928 670 1955 hab.
693 1927 716 1954 0
735 1928 744 1961 ΙΙ
767 1935 887 1954 connum
907 1926 937 1952 F
957 1928 966 1960 ΙΙ
991 1929 1022 1952 13
1043 1925 1191 1952 aconoides
1212 1924 1242 1951 F
1267 1925 1385 1951 aconoid
1406 1922 1441 1951 G·

148 1965 279 1993 conoides
299 1965 363 1991 LH
367 1965 403 1990 M
408 1964 437 1990 E
454 1964 464 1998 ΙΙ
484 1971 549 1990 nam
569 1971 618 1990 om.
640 1962 663 1989 0
678 1963 687 1996 ss
710 1966 743 1989 14
762 1962 926 1996 Cyparissus
945 1961 1021 1988 telefi
1040 1961 1113 1988 filius
1131 1961 1186 1987 fuit
1201 1960 1380 1988 ...lacrimis
1398 1962 1427 1987 et

148 2001 270 2028 luctibus
294 2008 361 2035 ergo
385 2007 533 2033 cupressae
553 1999 612 2032 (sic)
633 1998 714 2032 quasi
731 1998 858 2025 infernae
878 1998 923 2024 uel
943 1997 1009 2031 quia
1028 1997 1150 2024 succisae
1170 2005 1226 2023 non
1244 1997 1427 2023 renascuntur

150 2037 197 2063 uel
220 2036 287 2070 quia
305 2035 381 2070 apud
393 2035 501 2076 ’atticos
521 2035 646 2061 funestae
666 2034 764 2061 domus
783 2033 866 2074 huius
885 2033 982 2060 fronde
1002 2033 1132 2078 uelantur
1150 2033 1181 2059 in
1199 2040 1284 2066 mary.
1305 2032 1355 2065 inf.
1379 2032 1404 2058 Τ
1419 2032 1427 2067 Η

149 2069 628 2138 ζῖἷξῖἐέ“ἑὶἶρέῗειῗ“ῑῗῑῗῖἰῗιὲαῗξ
646 2069 987 2139 ttz'sstsaffifvfflsssssffi‘.
1000 2067 1428 2138 {¹¹11{‡Lt‡⁵0}25⁸}3313150322u2¹i

151 2147 184 2171 16
203 2142 323 2177 strepitu
342 2151 392 2169 om.
412 2142 567 2175 Stephanus
585 2142 594 2175 ΙΙ
613 2149 726 2167 ceruam
745 2149 830 2174 quam
852 2140 876 2166 T
888 2140 897 2174 ΙΙ
916 2139 1018 2166 diliciis
1039 2139 1097 2166 FO
1107 2140 1117 2173 ΙΙ
1135 2139 1222 2166 feram
1242 2139 1357 2165 credens
1376 2147 1425 2165 om.

151 2178 242 2206 GLH
246 2178 283 2204 M
286 2178 316 2204 E
320 2198 328 2211 ,
348 2178 434 2205 edidit
453 2177 608 2211 Stephanus
627 2178 636 2210 ΙΙ
656 2179 688 2203 17
708 2176 793 2202 misso
812 2175 869 2202 telo
889 2176 949 2202 hab.
971 2175 994 2202 G
1005 2176 1014 2209 11
1029 2174 1178 2203 occidisset
1196 2195 1202 2201 .
1223 2195 1229 2201 .
1251 2195 1256 2201 .
1277 2182 1427 2201 conuersus

149 2214 205 2250 est]
226 2213 336 2241 occidit.
367 2213 414 2240 sed
434 2221 497 2240 cum
516 2213 585 2239 fletu
602 2212 690 2238 nimio
709 2213 739 2238 et
757 2211 944 2238 abstinentiae
965 2211 1022 2244 (sic)
1043 2210 1098 2238 cibi
1117 2219 1149 2237 ac
1163 2210 1287 2244 potionis
1302 2210 1428 2236 tabesce-

150 2251 193 2277 ret
216 2258 234 2276 Β.
256 2248 447 2276 misericordia
465 2248 684 2282 (misericordiae
704 2247 747 2280 F)
767 2247 882 2274 deorum
901 2248 1008 2280 (eorum
1022 2246 1058 2273 F
1083 2246 1178 2280 itaque
1198 2246 1261 2272 add.
1283 2244 1317 2278 Ο)
1336 2245 1365 2271 in
1384 2253 1427 2271 ar-

152 2286 250 2312 borem
274 2292 432 2318 cupressum
451 2288 601 2311 conuersus
621 2284 664 2310 est
683 2283 744 2310 FT
750 2283 783 2315 C,
807 2283 863 2309 uisi
881 2283 953 2317 quod
969 2290 1021 2316 pro
1042 2282 1070 2309 ‘a
1088 2281 1280 2308 misericordia
1299 2280 1425 2306 deorum'

150 2320 370 2347 misericordiam
389 2320 504 2347 deorum
524 2319 626 2346 meruit
643 2319 739 2353 itaque
758 2321 782 2345 et
796 2327 850 2352 pro
870 2318 1041 2345 ‘conuersus’
1062 2326 1158 2345 uersus
1174 2317 1199 2343 T
1211 2318 1220 2350 ΙΙ
1236 2319 1268 2343 18
1282 2315 1428 2342 numinum

151 2365 201 2383 om.
221 2356 248 2382 L
267 2357 352 2389 (supr.
371 2363 437 2382 vers.
458 2356 520 2382 add.
541 2356 632 2390 01119
652 2355 681 2381 et
699 2355 794 2389 aptam
811 2354 836 2380 T
848 2355 857 2388 ΙΙ
871 2362 937 2389 ergo
957 2375 962 2380 .
983 2375 989 2380 .
1010 2374 1016 2381 .
1035 2354 1164 2381 velantur
1179 2355 1242 2386 post
1260 2350 1428 2385 Proserpina

151 2392 190 2427 (p.
210 2394 271 2424 452,
292 2392 336 2425 10)
355 2391 416 2418 hab.
437 2390 468 2417 F
478 2391 488 2425 ΙΙ
502 2394 536 2418 20
555 2390 641 2418 attico
661 2390 692 2416 F

1163 2432 1215 2461 29⁸

1443 729 1475 751 10

1445 996 1476 1019 15

1442 1263 1476 1287 20
