1630 2684
479 134 593 179 001111.
613 151 652 179 m
670 151 780 179 vaae.
801 151 883 180 AEN.
903 153 923 180 1.
944 155 1057 181 53—57.
1092 188 1095 190 ,
1364 153 1407 187 35

127 234 226 276 exire,
250 234 354 267 dictus
378 233 471 276 quasi
495 243 585 265 arcer
609 233 650 265 ab
674 233 823 266 arcendo.
861 234 970 266 locum
989 236 1110 276 autem,
1134 235 1168 268 in
1192 246 1255 278 quo
1279 246 1408 275 servan-

125 289 180 320 tur
207 279 314 329 noxii,>
337 297 497 320 carcerem
525 287 662 319 dicimus
690 298 823 319 numero
852 289 981 319 tantum
1010 288 1184 330 singulari3
1217 290 1300 321 unde
1330 301 1407 322 vero

126 342 300 383 erumpunt
322 340 511 383 quadrigae,
535 352 679 373 carceres
702 340 839 372 dicimus
862 351 997 373 numero
1020 343 1149 374 tantum
1172 343 1306 384 plurali,
1330 343 1408 375 licet

125 393 314 436 plerumque
336 396 471 435 usurpet
493 397 604 435 poeta,
632 396 670 426 ut
699 396 749 426 est
776 396 971 436 ruuntque
1000 394 1118 426 effusi
1146 406 1300 428 carcere
1325 407 1406 428 eur-

125 457 200 479 rus.
287 446 346 478 alii
367 447 477 479 virwlis
499 448 630 479 carceris
653 448 793 489 tradunt,
820 450 856 479 ut
881 458 989 487 quam
1014 448 1115 487 ferro
1143 449 1304 481 excisam
1331 460 1406 482 cre·
1426 455 1441 479 5

124 499 269 540 brisque
291 499 514 540 bipennibus
536 501 693 532 instant.

213 553 265 585 55.
306 562 379 585 1LL1
408 562 650 586 mole-murus
682 554 735 585 hic
763 556 874 595 aperte
903 554 1059 596 ostendit,
1088 555 1164 596 quid
1194 556 1238 588 sit
1266 555 1407 588 ‘luctan-

123 605 200 639 tes'.
290 614 412 638 MAGNO
438 615 705 639 cvm-MVRMVRE
730 615 860 639 M0N⁷r1s
883 618 949 639 non
973 607 1094 640 circum
1115 609 1236 641 montis
1255 610 1407 648 claustra,

123 659 180 692 sed
202 670 275 692 cum
298 670 418 702 magno
442 661 563 692 montis
592 671 756 702 murmure
784 660 976 692 fremebant.
1022 663 1054 693 et
1078 664 1128 693 est
1151 663 1256 695 maior
1279 674 1407 695 sensus:

123 712 171 745 flio
190 712 386 755 fremebant,
409 715 446 746 ut
465 714 563 746 etiam
583 716 676 746 antra
694 716 828 755 possent
847 725 971 746 sonare.
1054 726 1113 746 om
1126 727 1273 748 uvaurae
1286 718 1405 756 nomm]
1428 722 1460 746 10

123 766 168 799 sic
188 766 269 798 dixit
290 766 448 799 Pacuvius
472 778 638 798 murmur
661 767 792 808 maris,
815 767 890 807 quia
913 769 1014 799 ventos
1036 777 1181 799 murmur
1202 770 1351 809 sequitur,
1374 773 1410 801 ut

123 819 188 860 ipse
209 819 286 852 alibi
307 831 437 861 mayuo
460 821 610 852 misceri
632 830 817 851 murmure
838 822 998 860 pontum.

213 873 265 905 56.
303 886 412 912 omens
424 886 567 906 renum-vr
586 874 714 913 quidam
736 873 791 904 hoc
814 873 876 905 loco
901 873 1067 913 ‘fremunt’
1091 874 1126 906 id
1146 877 1190 906 est
1211 875 1344 916 imperia
1363 887 1408 909 re-

123 929 234 958 cusant
262 927 455 968 intelleyuut,
487 930 522 959 ui
553 927 638 967 apud
665 926 808 958 Cassium
836 927 870 958 in
898 927 1064 958 annalium
1091 929 1220 960 seeundo
1252 940 1295 961 ue
1325 930 1408 970 quis

122 989 273 1020 reynum
296 983 504 1022 occuparet,
532 981 564 1012 si
583 980 686 1020 plebs
708 982 838 1011 nostra
859 980 1016 1019 fremere
1038 981 1197 1020 imperia
1220 983 1407 1025 coepisset,
1428 987 1459 1011 16

106 1046 107 1049 ’
123 1032 159 1064 id
179 1035 223 1064 est
243 1043 390 1065 recusare.
426 1034 472 1065 ita
490 1036 518 1064 et
533 1033 582 1064 hic
600 1033 730 1064 ostendii
746 1035 848 1064 ventos
865 1033 997 1073 iniperia
1015 1037 1197 1067 recusantes.
1233 1046 1296 1067 uon
1315 1047 1404 1068 uum-

123 1096 218 1126 quam
241 1085 400 1126 ‘fremere’
423 1087 496 1118 velle
514 1087 682 1127 siquifieat‚
705 1089 740 1117 ut
762 1096 866 1117 arma
889 1097 1013 1119 amens
1034 1087 1176 1129 fremit,
1200 1098 1306 1120 arma
1329 1091 1406 1121 toro

125 1140 302 1180 tectisque
327 1140 498 1180 requirit.
588 1148 698 1171 CELSA
722 1148 812 1177 ARCE.
842 1139 1017 1172 secundum
1045 1140 1130 1182 quod
1154 1143 1301 1182 superius
1326 1142 1407 1174 dixi-

124 1203 205 1225 mus.
250 1193 339 1225 venti
371 1193 457 1224 enim
490 1193 606 1224 melius
640 1192 921 1233 deprehenduntur
955 1204 994 1225 ex
1026 1193 1102 1226 alto.
1200 1203 1314 1227 SEDET
1342 1206 1407 1227 11011

125 1246 260 1287 otiatur,
278 1246 334 1278 sed
348 1248 454 1287 curat3
475 1246 560 1287 apud
580 1246 732 1287 antiquos
752 1246 837 1276 0111111
853 1245 974 1278 ‘sedet'
994 1246 1177 1279 considerat
1191 1248 1405 1290 significabat,
1425 1254 1460 1277 20

124 1301 162 1330 ut
184 1298 249 1330 alio
272 1298 343 1330 loco
368 1299 415 1330 ait
438 1298 588 1330 Turnus
612 1300 768 1331 sacrata
790 1298 897 1330 valle
920 1299 1090 1332 sedebat.

186 1372 188 1375 -
213 1352 266 1384 57.
303 1354 513 1390 MOLLITQVE'
526 1360 658 1384 1111111108
682 1351 714 1383 111
734 1353 784 1383 est
803 1353 916 1383 ventos
937 1349 1001 1384 ἀπὸ
1021 1353 1089 1384 τῶν
1108 1351 1257 1395 ἀνέμων,
1282 1357 1319 1387 ut
1337 1356 1407 1397 ipse

126 1405 207 1437 alibi
238 1406 422 1447 quantum
456 1405 568 1447 ignes
601 1406 827 1446 animaeque
860 1405 993 1437 valent
1026 1408 1059 1437 et
1090 1406 1250 1439 Horatius
1284 1408 1407 1450 inpel-

126 1458 213 1490 lunt
235 1458 383 1490 animae
407 1458 531 1490 lintea
550 1458 749 1490 Thraciae.
788 1457 928 1490 ‘mollit'
953 1461 1062 1491 autem
1081 1459 1152 1492 ideo
1172 1460 1267 1503 dixit,
1290 1463 1327 1493 ut
1349 1473 1407 1503 per

197 1575 218 1599 4
233 1572 384 1607 ruuntque]
403 1572 435 1599 A.
456 1572 480 1599 V
497 1575 546 1599 145
560 1574 570 1606 ΙΙ
584 1575 599 1599 5
619 1572 715 1607 quam]
736 1572 768 1599 A.
788 1572 814 1598 II
834 1575 884 1599 627
899 1573 909 1607 ΙΙ
926 1576 954 1599 11
976 1574 1125 1609 Pacuvius]
1145 1584 1171 1609 p.
1193 1577 1243 1601 133
1262 1575 1344 1602 Ribb.
1364 1576 1406 1603 ed.

82 1643 84 1645 ι
126 1608 151 1635 11
173 1609 184 1643 Ι]
207 1611 240 1635 12
259 1608 374 1643 magno]
398 1609 431 1634 A.
451 1608 463 1634 I
485 1611 534 1634 124
557 1609 566 1642 ΙΙ
592 1611 623 1634 14
643 1608 717 1642 apud
737 1607 874 1643 Cassium]
899 1608 996 1636 histor.
1015 1609 1094 1636 Rom.
1118 1610 1179 1637 rell.
1198 1619 1251 1637 rec.
1271 1611 1305 1638 H.
1325 1611 1407 1638 Peter

126 1653 153 1678 p.
174 1646 223 1670 103
246 1644 256 1678 ΙΙ
281 1646 312 1670 17
332 1643 423 1678 arma]
443 1643 475 1671 A.
495 1643 546 1670 VII
566 1646 618 1670 460
638 1644 648 1678 1]
673 1646 704 1670 19
725 1653 807 1670 sunum
828 1665 833 1670 .
855 1666 860 1670 .
882 1665 887 1670 .
908 1644 1097 1680 significabat]
1123 1645 1157 1673 cf.
1177 1646 1255 1673 Luct.
1276 1646 1351 1674 Plac.
1371 1647 1406 1674 ad

126 1679 336 1748 ffiffilerelk'l
348 1681 405 1741 2104
424 1679 433 1713 [Ι
452 1682 483 1705 21
506 1679 626 1714 Turnus]
648 1680 679 1706 A.
700 1679 737 1705 IX
752 1682 769 1705 4
787 1680 796 1713 ΙΙ
817 1682 850 1706 23
870 1680 1017 1715 quantum]
1037 1681 1070 1707 A.
1091 1681 1155 1707 VIII
1174 1684 1225 1708 403
1240 1682 1250 1716 ΙΙ
1263 1682 1406 1717 Horatius]

253 1819 266 1833 0

198 1843 210 1866 1
230 1838 306 1866 areta
325 1839 357 1865 K
376 1839 386 1873 ΙΙ
409 1842 424 1865 2
444 1846 510 1865 vero
534 1847 582 1865 om.
603 1839 672 1865 KH
690 1840 699 1873 ΙΙ
723 1843 738 1866 3
763 1841 924 1875 erumpunt]
949 1841 1115 1868 emittuntur
1134 1841 1343 1870 BMJsidorus
1366 1844 1407 1876 (at

126 1876 274 1910 erumpunt
291 1883 424 1908 superser.
444 1875 480 1907 m)
509 1874 535 1900 ei
554 1874 721 1901 emittuntur
740 1875 773 1900 H
790 1876 799 1909 Ι]
821 1875 888 1902 licet
908 1898 913 1903 .
935 1897 940 1902 .
962 1897 966 1902 .
988 1877 1041 1911 est]
1061 1878 1090 1903 et
1107 1877 1273 1911 plerumque
1292 1879 1406 1912 usurpat

125 1911 208 1945 poeta
221 1911 254 1937 ut
267 1910 294 1936 B
308 1911 318 1944 Ι]
331 1913 346 1936 5
362 1910 458 1943 quam]
475 1918 537 1935 cum
554 1910 619 1936 libri
635 1910 788 1943 Veryiliani
801 1912 811 1944 11
826 1914 839 1937 7
856 1911 925 1938 adv.
936 1915 968 1938 55
985 1912 1030 1938 Illi
1044 1912 1233 1947 indignantes]
1249 1913 1294 1939 hic
1309 1915 1405 1947 aperte

125 1946 260 1979 ostendit,
279 1946 348 1979 quid
366 1945 404 1972 sit
424 1945 605 1972 ‘luctantes’.
643 1945 746 1979 Magno
765 1954 828 1972 cum
848 1955 988 1973 murmure
1006 1947 1121 1982 montis]
1140 1948 1309 1982 fremebant,
1330 1949 1405 1982 quod

125 1983 223 2009 uentos
242 1990 367 2007 murmur
386 1981 523 2014 sequitur,
542 1989 607 2007 nam
626 1982 654 2007 et
673 1990 797 2007 murmur
815 1982 900 2008 maris
920 1982 1027 2008 dicitas.
1049 1982 1077 2008 P
1095 1983 1104 2017 ΙΙ
1128 1993 1304 2010 mmomurns
1323 1992 1406 2018 usque

125 2018 162 2044 ad
188 2017 307 2051 recipiat
335 2016 523 2043 adiectionem
550 2024 574 2042 v.
599 2019 632 2042 96
661 2017 758 2043 desunt
781 2017 812 2043 in
836 2017 1040 2052 Hamburyeusi
1063 2020 1142 2045 cuius
1166 2020 1236 2045 vices
1262 2020 1407 2046 sustinebit

128 2053 328 2087 Teqermeeusis
341 2052 351 2086 ΙΙ
365 2054 380 2078 8
400 2051 467 2086 non]
488 2060 554 2084 Qu}
568 2052 593 2078 L
606 2052 616 2085 ΙΙ
630 2054 645 2077 9
666 2053 694 2078 et
713 2073 719 2079 .
735 2073 740 2079 .
757 2073 763 2078 .
782 2052 940 2080 fremebant
957 2062 1007 2080 om.
1022 2054 1094 2080 ΒΜ
1107 2054 1181 2087 (add.
1198 2055 1234 2088 m)
1248 2055 1258 2089 1]
1273 2059 1311 2081 10·
1325 2058 1406 2082 antro

125 2087 186 2115 KL
203 2089 295 2122 (antra
313 2089 356 2122 1)]
372 2091 404 2114 13
425 2088 462 2114 1ιά
481 2091 515 2115 56
535 2087 646 2114 Circum
664 2087 799 2122 fremunt]
820 2109 825 2115 .
842 2109 848 2115 .
865 2110 870 2115 .
891 2089 1035 2123 coepisset.
1073 2098 1129 2116 non
1148 2099 1301 2124 numquam
1321 2088 1413 2117 etiam'

125 2123 242 2151 fremere
266 2144 273 2150 .
294 2144 299 2150 .
319 2144 325 2150 .
349 2122 451 2150 fremit.
490 2123 569 2150 Celsa
593 2122 667 2157 arce]
692 2123 770 2149 uenti
794 2123 867 2150 enim
891 2145 897 2150 .
918 2146 923 2151 .
944 2146 950 2152 .
975 2126 1067 2158 curat,
1098 2125 1207 2152 ‘sedet’
1233 2126 1308 2152 enim
1332 2126 1406 2160 apud

108 2159 255 2194 *antiquos
275 2179 281 2185 .
297 2180 303 2186 .
321 2180 326 2186 .
346 2159 420 2185 ualle
440 2159 562 2186 sedebat.
586 2158 612 2184 1²
623 2159 633 2192 ll
647 2158 772 2193 quidam]
793 2158 843 2185 alii
860 2159 907 2194 ΡΙ]
923 2163 956 2186 14
975 2160 1138 2195 intelligunt
1156 2161 1209 2187 hoc
1229 2162 1271 2188 eet
1289 2162 1407 2196 imperia

125 2195 254 2222 recusant
274 2194 301 2220 P
317 2195 327 2228 ΙΙ
345 2194 465 2221 cossium
486 2194 509 2221 0
535 2194 639 2221 casium
660 2194 687 2219 P
699 2195 709 2227 1]
728 2194 757 2219 111
777 2194 923 2221 annalibus
945 2195 972 2221 P
992 2196 1002 2229 1]
1026 2199 1058 2222 15
1078 2196 1197 2230 imperia
1215 2196 1333 2223 fremere
1354 2198 1381 2223 P

128 2233 161 2257 18
175 2230 326 2257 secundum
347 2251 352 2256 .
368 2251 374 2257 .
392 2252 397 2257 .
417 2229 539 2256 diximus
553 2238 602 2256 om.
619 2229 646 2254 B
660 2230 716 2263 1120
736 2230 815 2256 curat
833 2231 876 2256 est
895 2231 968 2257 enim
989 2232 1111 2258 curantis
1130 2233 1159 2258 et
1172 2232 1291 2259 -sollicifi
1310 2233 1405 2259 sedere

127 2266 201 2300 apud
219 2266 350 2299 antiquos
371 2265 394 2292 C'
409 2266 418 2299 Ι]
438 2268 469 2291 21
491 2265 547 2292 alio
566 2265 627 2292 loco
647 2265 698 2299 ait]
718 2273 768 2291 om.
787 2265 859 2292 ΒΜ
877 2267 919 2292 est
939 2266 988 2300 ΡΙ]
1002 2268 1109 2293 secreta
1127 2267 1190 2293 BE
1217 2269 1325 2295 sectata
1345 2268 1381 2294 M
1399 2269 1405 2293 ’1

126 2303 160 2327 22
179 2302 216 2328 ad
228 2310 252 2328 v.
264 2303 297 2328 57
312 2301 460 2335 Mollitque
476 2300 595 2334 animos]
615 2300 645 2326 id
663 2302 707 2327 est
724 2301 836 2334 uentos,
854 2302 887 2327 ut
904 2301 964 2336 ipse
985 2302 1132 2335 ‘quantum
1147 2303 1225 2336 ignes
1241 2303 1405 2336 animaeque

126 2336 245 2364 ualent’.
285 2336 408 2363 ‘mollit’
429 2338 524 2363 autem
542 2335 657 2369 mitigat
675 2336 822 2370 significat.
840 2337 867 2363 P
878 2338 888 2371 ΙΙ
902 2337 961 2371 ipse
980 2346 1030 2365 om.
1045 2338 1111 2364 ΒΚ
1122 2339 1131 2372 ΙΙ
1146 2342 1179 2364 23
1194 2339 1234 2373 et]
1254 2339 1322 2365 item
1342 2339 1373 2364 Κ
1378 2339 1407 2364 Ε

127 2372 167 2405 (01,
184 2373 207 2406 e)
220 2373 230 2407 u
244 2375 277 2398 24
296 2371 365 2398 litea
383 2372 409 2397 L
436 2372 544 2399 linthea
564 2373 600 2398 M
612 2372 622 2405 11
635 2371 740 2398 traciae
759 2371 830 2398 ΒΜ
857 2372 980 2399 tharsihe
1000 2373 1026 2399 L
1054 2374 1188 2407 (thraciae
1209 2375 1228 2407 l)
1404 2378 1406 2381 '

1153 2418 1191 2444 3*
