<?xml version="1.0" encoding="UTF-8"?>
<!DOCTYPE html PUBLIC "-//W3C//DTD XHTML 1.0 Transitional//EN"
    "http://www.w3.org/TR/xhtml1/DTD/xhtml1-transitional.dtd">
<html xmlns="http://www.w3.org/1999/xhtml" xml:lang="en" lang="en">
 <head>
  <title>
</title>
<meta http-equiv="Content-Type" content="text/html;charset=utf-8" />
  <meta name='ocr-system' content='tesseract 3.04.00' />
  <meta name='ocr-capabilities' content='ocr_page ocr_carea ocr_par ocr_line ocrx_word'/>
</head>
<body>
  <div class='ocr_page' id='page_1' title='image "./invergiliicarmin00servuoft/invergiliicarmin00servuoft_0169.png"; bbox 0 0 1630 2684; ppageno 0'>
   <div class='ocr_carea' id='block_1_1' title="bbox 0 0 176 91">
    <p class='ocr_par' dir='ltr' id='par_1_1' title="bbox 0 0 176 91">
     <span class='ocr_line' id='line_1_1' title="bbox 0 0 176 91; baseline 0 2593"><span class='ocrx_word' id='word_1_1' title='bbox 0 0 176 91; x_wconf 95' lang='lat' dir='ltr'><strong> </strong></span> 
     </span>
    </p>
   </div>
   <div class='ocr_carea' id='block_1_2' title="bbox 0 1701 19 2095">
    <p class='ocr_par' dir='ltr' id='par_1_2' title="bbox 0 1701 19 2095">
     <span class='ocr_line' id='line_1_2' title="bbox 0 1701 19 2095; baseline 0 589"><span class='ocrx_word' id='word_1_2' title='bbox 0 1701 19 2095; x_wconf 95' lang='lat' dir='ltr'><strong> </strong></span> 
     </span>
    </p>
   </div>
   <div class='ocr_carea' id='block_1_3' title="bbox 500 167 1442 198">
    <p class='ocr_par' dir='ltr' id='par_1_3' title="bbox 500 167 1442 198">
     <span class='ocr_line' id='line_1_3' title="bbox 500 167 1442 198; baseline -0.001 -2"><span class='ocrx_word' id='word_1_3' title='bbox 500 168 614 196; x_wconf 83' lang='lat' dir='ltr'><strong>COMM.</strong></span> <span class='ocrx_word' id='word_1_4' title='bbox 634 169 674 195; x_wconf 91' lang='lat' dir='ltr'><strong>IN</strong></span> <span class='ocrx_word' id='word_1_5' title='bbox 692 167 799 195; x_wconf 76' lang='lat' dir='ltr'><strong>VERG.</strong></span> <span class='ocrx_word' id='word_1_6' title='bbox 821 168 904 194; x_wconf 85' lang='lat' dir='ltr'>AEN.</span> <span class='ocrx_word' id='word_1_7' title='bbox 924 168 944 194; x_wconf 91' lang='lat' dir='ltr'><strong>I.</strong></span> <span class='ocrx_word' id='word_1_8' title='bbox 965 171 1114 196; x_wconf 20' lang='lat'><strong>4927-505.</strong></span> <span class='ocrx_word' id='word_1_9' title='bbox 1381 167 1442 198; x_wconf 79' lang='grc'><strong>157</strong></span> 
     </span>
    </p>
   </div>
   <div class='ocr_carea' id='block_1_4' title="bbox 158 249 1452 1471">
    <p class='ocr_par' dir='ltr' id='par_1_4' title="bbox 158 249 1447 667">
     <span class='ocr_line' id='line_1_4' title="bbox 249 249 1444 291; baseline -0.003 -7"><span class='ocrx_word' id='word_1_10' title='bbox 249 252 324 284; x_wconf 85' lang='grc'><strong>502.</strong></span> <span class='ocrx_word' id='word_1_11' title='bbox 361 259 514 283; x_wconf 78' lang='lat' dir='ltr'><strong>TACITVM</strong></span> <span class='ocrx_word' id='word_1_12' title='bbox 538 250 642 282; x_wconf 80' lang='lat' dir='ltr'><strong>maior</strong></span> <span class='ocrx_word' id='word_1_13' title='bbox 666 249 751 281; x_wconf 87' lang='lat' dir='ltr'><strong>enim</strong></span> <span class='ocrx_word' id='word_1_14' title='bbox 771 251 823 281; x_wconf 82' lang='lat' dir='ltr'><strong>est</strong></span> <span class='ocrx_word' id='word_1_15' title='bbox 845 249 1082 281; x_wconf 84' lang='lat' dir='ltr'><strong>taciturnitatis</strong></span> <span class='ocrx_word' id='word_1_16' title='bbox 1103 249 1262 291; x_wconf 86' lang='lat' dir='ltr'><strong>adfectus,</strong></span> <span class='ocrx_word' id='word_1_17' title='bbox 1285 251 1322 281; x_wconf 91' lang='lat' dir='ltr'><strong>ut</strong></span> <span class='ocrx_word' id='word_1_18' title='bbox 1345 260 1444 291; x_wconf 82' lang='lat' dir='ltr'><strong>supra</strong></span> 
     </span>
     <span class='ocr_line' id='line_1_5' title="bbox 160 303 1354 344; baseline -0.003 -6"><span class='ocrx_word' id='word_1_19' title='bbox 160 305 254 337; x_wconf 85' lang='lat' dir='ltr'><strong>haec</strong></span> <span class='ocrx_word' id='word_1_20' title='bbox 287 315 422 337; x_wconf 85' lang='lat' dir='ltr'><strong>secum.</strong></span> <span class='ocrx_word' id='word_1_21' title='bbox 472 303 519 336; x_wconf 82' lang='lat' dir='ltr'><strong>sie</strong></span> <span class='ocrx_word' id='word_1_22' title='bbox 547 303 718 335; x_wconf 74' lang='lat' dir='ltr'><strong>Terentius</strong></span> <span class='ocrx_word' id='word_1_23' title='bbox 748 304 791 334; x_wconf 90' lang='lat' dir='ltr'><strong>ut</strong></span> <span class='ocrx_word' id='word_1_24' title='bbox 823 314 967 334; x_wconf 88' lang='lat' dir='ltr'><strong>meeum</strong></span> <span class='ocrx_word' id='word_1_25' title='bbox 1001 303 1126 335; x_wconf 82' lang='lat' dir='ltr'><strong>tacita</strong></span> <span class='ocrx_word' id='word_1_26' title='bbox 1160 303 1354 344; x_wconf 83' lang='lat' dir='ltr'>gaudeam.</span> 
     </span>
     <span class='ocr_line' id='line_1_6' title="bbox 163 357 1445 400; baseline -0.003 -8"><span class='ocrx_word' id='word_1_27' title='bbox 163 372 291 392; x_wconf 64' lang='lat' dir='ltr'><strong>metrum</strong></span> <span class='ocrx_word' id='word_1_28' title='bbox 304 369 365 400; x_wconf 73' lang='lat' dir='ltr'><strong>pro</strong></span> <span class='ocrx_word' id='word_1_29' title='bbox 380 358 479 396; x_wconf 79' lang='lat' dir='ltr'><strong>tacite,</strong></span> <span class='ocrx_word' id='word_1_30' title='bbox 498 360 533 389; x_wconf 75' lang='lat' dir='ltr'><strong>ut</strong></span> <span class='ocrx_word' id='word_1_31' title='bbox 552 357 778 397; x_wconf 76' lang='lat' dir='ltr'><strong>tacitumque</strong></span> <span class='ocrx_word' id='word_1_32' title='bbox 796 357 935 388; x_wconf 74' lang='lat' dir='ltr'><strong>obsedit</strong></span> <span class='ocrx_word' id='word_1_33' title='bbox 959 357 1069 388; x_wconf 79' lang='lat' dir='ltr'><strong>limen</strong></span> <span class='ocrx_word' id='word_1_34' title='bbox 1084 357 1257 395; x_wconf 50' lang='lat' dir='ltr'><strong>Amatam</strong></span> <span class='ocrx_word' id='word_1_35' title='bbox 1281 359 1337 388; x_wconf 72' lang='lat' dir='ltr'><strong>aut</strong></span> <span class='ocrx_word' id='word_1_36' title='bbox 1351 357 1445 388; x_wconf 78' lang='lat' dir='ltr'><strong>tacita</strong></span> 
     </span>
     <span class='ocr_line' id='line_1_7' title="bbox 158 410 1444 453; baseline -0.002 -9"><span class='ocrx_word' id='word_1_37' title='bbox 158 413 279 453; x_wconf 76' lang='lat' dir='ltr'><strong>yaudet.</strong></span> <span class='ocrx_word' id='word_1_38' title='bbox 369 419 622 443; x_wconf 79' lang='lat' dir='ltr'><strong>PERTEMPTANT</strong></span> <span class='ocrx_word' id='word_1_39' title='bbox 646 410 743 442; x_wconf 88' lang='lat' dir='ltr'><strong>modo</strong></span> <span class='ocrx_word' id='word_1_40' title='bbox 767 410 976 442; x_wconf 88' lang='lat' dir='ltr'><strong>vehementer</strong></span> <span class='ocrx_word' id='word_1_41' title='bbox 998 411 1171 451; x_wconf 88' lang='lat' dir='ltr'><strong>temptant.</strong></span> <span class='ocrx_word' id='word_1_42' title='bbox 1217 410 1297 441; x_wconf 90' lang='lat' dir='ltr'><strong>alibi</strong></span> <span class='ocrx_word' id='word_1_43' title='bbox 1321 410 1444 451; x_wconf 86' lang='lat' dir='ltr'><strong>leviter,</strong></span> 
     </span>
     <span class='ocr_line' id='line_1_8' title="bbox 162 463 1444 506; baseline -0.003 -8"><span class='ocrx_word' id='word_1_44' title='bbox 162 468 199 498; x_wconf 90' lang='lat' dir='ltr'><strong>ut</strong></span> <span class='ocrx_word' id='word_1_45' title='bbox 221 465 363 498; x_wconf 82' lang='lat' dir='ltr'><strong>blanda</strong></span> <span class='ocrx_word' id='word_1_46' title='bbox 386 465 561 497; x_wconf 80' lang='lat' dir='ltr'><strong>vicissim</strong></span> <span class='ocrx_word' id='word_1_47' title='bbox 587 464 728 506; x_wconf 81' lang='lat' dir='ltr'><strong>gaudia</strong></span> <span class='ocrx_word' id='word_1_48' title='bbox 751 466 1019 506; x_wconf 81' lang='lat' dir='ltr'><strong>pertemptant</strong></span> <span class='ocrx_word' id='word_1_49' title='bbox 1043 465 1216 495; x_wconf 84' lang='lat' dir='ltr'><strong>mentem.</strong></span> <span class='ocrx_word' id='word_1_50' title='bbox 1259 465 1334 495; x_wconf 86' lang='lat' dir='ltr'><strong>sunt</strong></span> <span class='ocrx_word' id='word_1_51' title='bbox 1359 463 1444 495; x_wconf 88' lang='lat' dir='ltr'><strong>enim</strong></span> 
     </span>
     <span class='ocr_line' id='line_1_9' title="bbox 163 516 1445 561; baseline -0.002 -10"><span class='ocrx_word' id='word_1_52' title='bbox 163 519 265 551; x_wconf 78' lang='lat' dir='ltr'><strong>multa</strong></span> <span class='ocrx_word' id='word_1_53' title='bbox 289 529 370 561; x_wconf 88' lang='lat' dir='ltr'><strong>quae</strong></span> <span class='ocrx_word' id='word_1_54' title='bbox 393 529 452 560; x_wconf 89' lang='lat' dir='ltr'><strong>pro</strong></span> <span class='ocrx_word' id='word_1_55' title='bbox 476 518 555 550; x_wconf 88' lang='lat' dir='ltr'><strong>locis</strong></span> <span class='ocrx_word' id='word_1_56' title='bbox 580 517 831 559; x_wconf 82' lang='lat' dir='ltr'><strong>intelleguntur,</strong></span> <span class='ocrx_word' id='word_1_57' title='bbox 859 519 896 550; x_wconf 90' lang='lat' dir='ltr'><strong>ut</strong></span> <span class='ocrx_word' id='word_1_58' title='bbox 920 516 1095 559; x_wconf 70' lang='lat' dir='ltr'><strong>‘inpotens’</strong></span> <span class='ocrx_word' id='word_1_59' title='bbox 1120 519 1153 549; x_wconf 88' lang='lat' dir='ltr'><strong>et</strong></span> <span class='ocrx_word' id='word_1_60' title='bbox 1177 516 1257 548; x_wconf 86' lang='lat' dir='ltr'><strong>satis</strong></span> <span class='ocrx_word' id='word_1_61' title='bbox 1282 519 1315 548; x_wconf 89' lang='lat' dir='ltr'><strong>et</strong></span> <span class='ocrx_word' id='word_1_62' title='bbox 1339 517 1445 548; x_wconf 85' lang='lat' dir='ltr'><strong>minus</strong></span> 
     </span>
     <span class='ocr_line' id='line_1_10' title="bbox 163 570 1447 614; baseline -0.002 -10"><span class='ocrx_word' id='word_1_63' title='bbox 163 574 196 604; x_wconf 87' lang='lat' dir='ltr'><strong>et</strong></span> <span class='ocrx_word' id='word_1_64' title='bbox 217 572 301 604; x_wconf 88' lang='lat' dir='ltr'><strong>nihil</strong></span> <span class='ocrx_word' id='word_1_65' title='bbox 323 574 439 614; x_wconf 84' lang='lat' dir='ltr'><strong>potens</strong></span> <span class='ocrx_word' id='word_1_66' title='bbox 464 571 636 613; x_wconf 81' lang='lat' dir='ltr'><strong>signifieat.</strong></span> <span class='ocrx_word' id='word_1_67' title='bbox 728 579 875 603; x_wconf 82' lang='lat' dir='ltr'>INSTANS</span> <span class='ocrx_word' id='word_1_68' title='bbox 895 580 998 603; x_wconf 82' lang='lat' dir='ltr'>OPERI</span> <span class='ocrx_word' id='word_1_69' title='bbox 1022 581 1157 613; x_wconf 87' lang='lat' dir='ltr'><strong>zeugma</strong></span> <span class='ocrx_word' id='word_1_70' title='bbox 1176 572 1225 602; x_wconf 85' lang='lat' dir='ltr'><strong>est</strong></span> <span class='ocrx_word' id='word_1_71' title='bbox 1249 570 1288 602; x_wconf 91' lang='lat' dir='ltr'><strong>ad</strong></span> <span class='ocrx_word' id='word_1_72' title='bbox 1313 582 1447 612; x_wconf 88' lang='lat' dir='ltr'><strong>sequen—</strong></span> 
     </span>
     <span class='ocr_line' id='line_1_11' title="bbox 161 626 406 667; baseline 0 -10"><span class='ocrx_word' id='word_1_73' title='bbox 161 626 210 658; x_wconf 81' lang='lat' dir='ltr'><strong>tia</strong></span> <span class='ocrx_word' id='word_1_74' title='bbox 230 626 406 667; x_wconf 84' lang='lat' dir='ltr'><strong>pertinens.</strong></span> 
     </span>
    </p>

    <p class='ocr_par' dir='ltr' id='par_1_5' title="bbox 160 677 1447 774">
     <span class='ocr_line' id='line_1_12' title="bbox 250 677 1447 721; baseline -0.001 -11"><span class='ocrx_word' id='word_1_75' title='bbox 250 679 325 711; x_wconf 87' lang='lat'>504.</span> <span class='ocrx_word' id='word_1_76' title='bbox 363 687 562 717; x_wconf 80' lang='lat' dir='ltr'><strong>REGNISQVE</strong></span> <span class='ocrx_word' id='word_1_77' title='bbox 578 687 724 711; x_wconf 77' lang='lat' dir='ltr'><strong>rvrvms</strong></span> <span class='ocrx_word' id='word_1_78' title='bbox 749 680 944 720; x_wconf 79' lang='lat' dir='ltr'><strong>regnaturae</strong></span> <span class='ocrx_word' id='word_1_79' title='bbox 960 677 1168 721; x_wconf 82' lang='lat' dir='ltr'><strong>Carthagini3</strong></span> <span class='ocrx_word' id='word_1_80' title='bbox 1191 690 1266 711; x_wconf 76' lang='lat' dir='ltr'><strong>nam</strong></span> <span class='ocrx_word' id='word_1_81' title='bbox 1289 679 1358 719; x_wconf 72' lang='lat' dir='ltr'><strong>ipsa</strong></span> <span class='ocrx_word' id='word_1_82' title='bbox 1382 679 1447 710; x_wconf 78' lang='lat' dir='ltr'><strong>iam</strong></span> 
     </span>
     <span class='ocr_line' id='line_1_13' title="bbox 160 733 316 774; baseline 0 -9"><span class='ocrx_word' id='word_1_83' title='bbox 160 733 316 774; x_wconf 72' lang='lat' dir='ltr'><strong>reynabat.</strong></span> 
     </span>
    </p>

    <p class='ocr_par' dir='ltr' id='par_1_6' title="bbox 162 785 1452 1471">
     <span class='ocr_line' id='line_1_14' title="bbox 251 785 1449 828; baseline -0.003 -9"><span class='ocrx_word' id='word_1_84' title='bbox 251 787 325 819; x_wconf 84' lang='lat'><strong>505.</strong></span> <span class='ocrx_word' id='word_1_85' title='bbox 363 795 436 818; x_wconf 86' lang='lat' dir='ltr'><strong>TVM</strong></span> <span class='ocrx_word' id='word_1_86' title='bbox 463 795 610 819; x_wconf 82' lang='lat' dir='ltr'><strong>FORIBVS</strong></span> <span class='ocrx_word' id='word_1_87' title='bbox 639 795 747 819; x_wconf 78' lang='lat' dir='ltr'><strong>DIVAE</strong></span> <span class='ocrx_word' id='word_1_88' title='bbox 778 786 904 818; x_wconf 81' lang='lat' dir='ltr'><strong>instans</strong></span> <span class='ocrx_word' id='word_1_89' title='bbox 935 787 1107 828; x_wconf 83' lang='lat' dir='ltr'><strong>praecipue</strong></span> <span class='ocrx_word' id='word_1_90' title='bbox 1138 786 1272 818; x_wconf 85' lang='lat' dir='ltr'><strong>foribus.</strong></span> <span class='ocrx_word' id='word_1_91' title='bbox 1325 787 1357 817; x_wconf 90' lang='lat' dir='ltr'><strong>et</strong></span> <span class='ocrx_word' id='word_1_92' title='bbox 1387 785 1449 816; x_wconf 81' lang='lat' dir='ltr'><strong>hoc</strong></span> 
     </span>
     <span class='ocr_line' id='line_1_15' title="bbox 162 839 1449 882; baseline -0.002 -10"><span class='ocrx_word' id='word_1_93' title='bbox 162 840 234 873; x_wconf 86' lang='lat' dir='ltr'><strong>loco</strong></span> <span class='ocrx_word' id='word_1_94' title='bbox 263 840 525 882; x_wconf 85' lang='lat' dir='ltr'><strong>distinguendum</strong></span> <span class='ocrx_word' id='word_1_95' title='bbox 555 842 617 881; x_wconf 82' lang='lat' dir='ltr'><strong>est3</strong></span> <span class='ocrx_word' id='word_1_96' title='bbox 651 851 771 882; x_wconf 84' lang='lat' dir='ltr'><strong>magno</strong></span> <span class='ocrx_word' id='word_1_97' title='bbox 801 840 886 872; x_wconf 90' lang='lat' dir='ltr'><strong>enim</strong></span> <span class='ocrx_word' id='word_1_98' title='bbox 916 840 1023 872; x_wconf 80' lang='lat' dir='ltr'><strong>studio</strong></span> <span class='ocrx_word' id='word_1_99' title='bbox 1052 842 1085 872; x_wconf 88' lang='lat' dir='ltr'><strong>et</strong></span> <span class='ocrx_word' id='word_1_100' title='bbox 1113 840 1224 871; x_wconf 85' lang='lat' dir='ltr'><strong>labore</strong></span> <span class='ocrx_word' id='word_1_101' title='bbox 1253 839 1449 880; x_wconf 86' lang='lat' dir='ltr'><strong>templorum</strong></span> 
     </span>
     <span class='ocr_line' id='line_1_16' title="bbox 162 892 1449 936; baseline -0.002 -10"><span class='ocrx_word' id='word_1_102' title='bbox 162 894 250 926; x_wconf 82' lang='lat' dir='ltr'><strong>fores</strong></span> <span class='ocrx_word' id='word_1_103' title='bbox 274 894 409 936; x_wconf 81' lang='lat' dir='ltr'><strong>fiebant,</strong></span> <span class='ocrx_word' id='word_1_104' title='bbox 434 905 514 936; x_wconf 88' lang='lat' dir='ltr'><strong>quas</strong></span> <span class='ocrx_word' id='word_1_105' title='bbox 539 893 733 935; x_wconf 85' lang='lat' dir='ltr'><strong>quibusdam</strong></span> <span class='ocrx_word' id='word_1_106' title='bbox 756 893 962 935; x_wconf 83' lang='lat' dir='ltr'><strong>insignibant</strong></span> <span class='ocrx_word' id='word_1_107' title='bbox 985 893 1148 934; x_wconf 78' lang='lat' dir='ltr'><strong>historiis⁷</strong></span> <span class='ocrx_word' id='word_1_108' title='bbox 1175 896 1212 925; x_wconf 89' lang='lat' dir='ltr'><strong>ut</strong></span> <span class='ocrx_word' id='word_1_109' title='bbox 1235 893 1274 925; x_wconf 92' lang='lat' dir='ltr'><strong>in</strong></span> <span class='ocrx_word' id='word_1_110' title='bbox 1298 892 1449 924; x_wconf 83' lang='lat' dir='ltr'><strong>foribus</strong></span> 
     </span>
     <span class='ocr_line' id='line_1_17' title="bbox 162 946 1450 990; baseline -0.002 -10"><span class='ocrx_word' id='word_1_111' title='bbox 162 948 283 980; x_wconf 87' lang='lat' dir='ltr'><strong>letum</strong></span> <span class='ocrx_word' id='word_1_112' title='bbox 303 947 515 989; x_wconf 84' lang='lat' dir='ltr'><strong>Androgei,</strong></span> <span class='ocrx_word' id='word_1_113' title='bbox 537 947 617 979; x_wconf 84' lang='lat' dir='ltr'><strong>item</strong></span> <span class='ocrx_word' id='word_1_114' title='bbox 642 947 681 978; x_wconf 89' lang='lat' dir='ltr'><strong>in</strong></span> <span class='ocrx_word' id='word_1_115' title='bbox 703 947 856 979; x_wconf 87' lang='lat' dir='ltr'><strong>foribus</strong></span> <span class='ocrx_word' id='word_1_116' title='bbox 880 958 1046 990; x_wconf 88' lang='lat' dir='ltr'><strong>pugnam</strong></span> <span class='ocrx_word' id='word_1_117' title='bbox 1071 958 1114 979; x_wconf 86' lang='lat' dir='ltr'><strong>ex</strong></span> <span class='ocrx_word' id='word_1_118' title='bbox 1135 958 1226 979; x_wconf 90' lang='lat' dir='ltr'><strong>auro</strong></span> <span class='ocrx_word' id='word_1_119' title='bbox 1246 946 1450 988; x_wconf 79' lang='lat' dir='ltr'><strong>solidoque</strong></span> 
     </span>
     <span class='ocr_line' id='line_1_18' title="bbox 163 999 1450 1047; baseline -0.002 -13"><span class='ocrx_word' id='word_1_120' title='bbox 163 1001 384 1043; x_wconf 83' lang='lat' dir='ltr'><strong>elephanto.</strong></span> <span class='ocrx_word' id='word_1_121' title='bbox 430 1001 577 1043; x_wconf 85' lang='lat' dir='ltr'><strong>quamvis</strong></span> <span class='ocrx_word' id='word_1_122' title='bbox 612 1001 744 1042; x_wconf 87' lang='lat' dir='ltr'><strong>quidam</strong></span> <span class='ocrx_word' id='word_1_123' title='bbox 777 1001 915 1047; x_wconf 83' lang='lat' dir='ltr'><strong>iungant</strong></span> <span class='ocrx_word' id='word_1_124' title='bbox 949 1000 1034 1032; x_wconf 68' lang='lat' dir='ltr'><strong>‘tum</strong></span> <span class='ocrx_word' id='word_1_125' title='bbox 1064 1001 1189 1032; x_wconf 88' lang='lat' dir='ltr'><strong>foribus</strong></span> <span class='ocrx_word' id='word_1_126' title='bbox 1221 1000 1313 1032; x_wconf 87' lang='lat' dir='ltr'><strong>divae</strong></span> <span class='ocrx_word' id='word_1_127' title='bbox 1344 999 1450 1031; x_wconf 83' lang='lat' dir='ltr'><strong>media</strong></span> 
     </span>
     <span class='ocr_line' id='line_1_19' title="bbox 163 1054 1448 1096; baseline -0.002 -9"><span class='ocrx_word' id='word_1_128' title='bbox 163 1055 326 1087; x_wconf 81' lang='lat' dir='ltr'><strong>testudine</strong></span> <span class='ocrx_word' id='word_1_129' title='bbox 362 1054 505 1096; x_wconf 76' lang='lat' dir='ltr'><strong>tempfi&#39;,</strong></span> <span class='ocrx_word' id='word_1_130' title='bbox 542 1058 579 1086; x_wconf 89' lang='lat' dir='ltr'><strong>ut</strong></span> <span class='ocrx_word' id='word_1_131' title='bbox 611 1066 710 1086; x_wconf 92' lang='lat' dir='ltr'><strong>unum</strong></span> <span class='ocrx_word' id='word_1_132' title='bbox 743 1055 917 1096; x_wconf 83' lang='lat' dir='ltr'><strong>intellegas</strong></span> <span class='ocrx_word' id='word_1_133' title='bbox 950 1056 1073 1086; x_wconf 79' lang='lat' dir='ltr'><strong>tectum</strong></span> <span class='ocrx_word' id='word_1_134' title='bbox 1106 1054 1222 1096; x_wconf 90' lang='lat' dir='ltr'><strong>templi</strong></span> <span class='ocrx_word' id='word_1_135' title='bbox 1256 1056 1288 1086; x_wconf 91' lang='lat' dir='ltr'><strong>et</strong></span> <span class='ocrx_word' id='word_1_136' title='bbox 1320 1054 1448 1095; x_wconf 88' lang='lat' dir='ltr'><strong>pronai:</strong></span> 
     </span>
     <span class='ocr_line' id='line_1_20' title="bbox 165 1107 1449 1150; baseline -0.001 -10"><span class='ocrx_word' id='word_1_137' title='bbox 165 1108 251 1150; x_wconf 92' lang='lat' dir='ltr'><strong>quod</strong></span> <span class='ocrx_word' id='word_1_138' title='bbox 275 1109 303 1140; x_wconf 85' lang='lat' dir='ltr'><strong>si</strong></span> <span class='ocrx_word' id='word_1_139' title='bbox 327 1110 390 1150; x_wconf 85' lang='lat' dir='ltr'><strong>est,</strong></span> <span class='ocrx_word' id='word_1_140' title='bbox 415 1109 475 1140; x_wconf 84' lang='lat' dir='ltr'><strong>sub</strong></span> <span class='ocrx_word' id='word_1_141' title='bbox 499 1109 606 1140; x_wconf 89' lang='lat' dir='ltr'><strong>medio</strong></span> <span class='ocrx_word' id='word_1_142' title='bbox 626 1110 712 1140; x_wconf 83' lang='lat' dir='ltr'><strong>tecto</strong></span> <span class='ocrx_word' id='word_1_143' title='bbox 733 1111 809 1140; x_wconf 87' lang='lat' dir='ltr'><strong>sunt</strong></span> <span class='ocrx_word' id='word_1_144' title='bbox 828 1108 923 1140; x_wconf 83' lang='lat' dir='ltr'><strong>fores.</strong></span> <span class='ocrx_word' id='word_1_145' title='bbox 961 1108 1017 1140; x_wconf 88' lang='lat' dir='ltr'><strong>sed</strong></span> <span class='ocrx_word' id='word_1_146' title='bbox 1036 1108 1143 1149; x_wconf 88' lang='lat' dir='ltr'><strong>prima</strong></span> <span class='ocrx_word' id='word_1_147' title='bbox 1158 1108 1273 1140; x_wconf 88' lang='lat' dir='ltr'><strong>melior</strong></span> <span class='ocrx_word' id='word_1_148' title='bbox 1289 1107 1449 1149; x_wconf 85' lang='lat' dir='ltr'><strong>expositio</strong></span> 
     </span>
     <span class='ocr_line' id='line_1_21' title="bbox 166 1161 1450 1203; baseline -0.002 -9"><span class='ocrx_word' id='word_1_149' title='bbox 166 1165 224 1194; x_wconf 88' lang='lat' dir='ltr'><strong>est.</strong></span> <span class='ocrx_word' id='word_1_150' title='bbox 310 1170 511 1194; x_wconf 81' lang='lat' dir='ltr'><strong>TESTVDINE</strong></span> <span class='ocrx_word' id='word_1_151' title='bbox 536 1173 665 1194; x_wconf 88' lang='lat' dir='ltr'><strong>camera</strong></span> <span class='ocrx_word' id='word_1_152' title='bbox 690 1162 838 1202; x_wconf 81' lang='lat' dir='ltr'><strong>incurva,</strong></span> <span class='ocrx_word' id='word_1_153' title='bbox 861 1162 896 1193; x_wconf 78' lang='lat' dir='ltr'><strong>id</strong></span> <span class='ocrx_word' id='word_1_154' title='bbox 917 1164 961 1193; x_wconf 76' lang='lat' dir='ltr'><strong>est</strong></span> <span class='ocrx_word' id='word_1_155' title='bbox 981 1162 1150 1202; x_wconf 74' lang='lat' dir='ltr'><strong>fornicata,</strong></span> <span class='ocrx_word' id='word_1_156' title='bbox 1175 1173 1256 1203; x_wconf 91' lang='lat' dir='ltr'><strong>quae</strong></span> <span class='ocrx_word' id='word_1_157' title='bbox 1276 1161 1450 1193; x_wconf 85' lang='lat' dir='ltr'><strong>secundum</strong></span> 
     </span>
     <span class='ocr_line' id='line_1_22' title="bbox 165 1215 1449 1258; baseline -0.002 -10"><span class='ocrx_word' id='word_1_158' title='bbox 165 1226 220 1248; x_wconf 86' lang='lat' dir='ltr'><strong>eos</strong></span> <span class='ocrx_word' id='word_1_159' title='bbox 244 1216 300 1258; x_wconf 90' lang='lat' dir='ltr'><strong>qui</strong></span> <span class='ocrx_word' id='word_1_160' title='bbox 323 1216 524 1257; x_wconf 85' lang='lat' dir='ltr'><strong>scripserunt</strong></span> <span class='ocrx_word' id='word_1_161' title='bbox 544 1215 582 1248; x_wconf 91' lang='lat' dir='ltr'><strong>de</strong></span> <span class='ocrx_word' id='word_1_162' title='bbox 601 1215 728 1248; x_wconf 85' lang='lat' dir='ltr'><strong>ratione</strong></span> <span class='ocrx_word' id='word_1_163' title='bbox 751 1215 964 1257; x_wconf 88' lang='lat' dir='ltr'><strong>templorum,</strong></span> <span class='ocrx_word' id='word_1_164' title='bbox 988 1215 1060 1247; x_wconf 92' lang='lat' dir='ltr'><strong>ideo</strong></span> <span class='ocrx_word' id='word_1_165' title='bbox 1081 1216 1127 1247; x_wconf 85' lang='lat' dir='ltr'><strong>sic</strong></span> <span class='ocrx_word' id='word_1_166' title='bbox 1146 1216 1197 1257; x_wconf 79' lang='lat' dir='ltr'><strong>fit,</strong></span> <span class='ocrx_word' id='word_1_167' title='bbox 1220 1217 1258 1247; x_wconf 89' lang='lat' dir='ltr'><strong>ut</strong></span> <span class='ocrx_word' id='word_1_168' title='bbox 1277 1215 1449 1246; x_wconf 80' lang='lat' dir='ltr'><strong>simulacro</strong></span> 
     </span>
     <span class='ocr_line' id='line_1_23' title="bbox 165 1269 1452 1311; baseline -0.002 -10"><span class='ocrx_word' id='word_1_169' title='bbox 165 1269 247 1301; x_wconf 86' lang='lat' dir='ltr'><strong>caeli</strong></span> <span class='ocrx_word' id='word_1_170' title='bbox 264 1269 443 1311; x_wconf 83' lang='lat' dir='ltr'><strong>imaginem</strong></span> <span class='ocrx_word' id='word_1_171' title='bbox 462 1269 590 1311; x_wconf 81' lang='lat' dir='ltr'><strong>reddat,</strong></span> <span class='ocrx_word' id='word_1_172' title='bbox 614 1269 698 1311; x_wconf 86' lang='lat' dir='ltr'><strong>quod</strong></span> <span class='ocrx_word' id='word_1_173' title='bbox 718 1271 848 1301; x_wconf 82' lang='lat' dir='ltr'><strong>constat</strong></span> <span class='ocrx_word' id='word_1_174' title='bbox 868 1280 937 1300; x_wconf 84' lang='lat' dir='ltr'><strong>esse</strong></span> <span class='ocrx_word' id='word_1_175' title='bbox 957 1279 1144 1301; x_wconf 84' lang='lat' dir='ltr'><strong>convexum.</strong></span> <span class='ocrx_word' id='word_1_176' title='bbox 1177 1269 1304 1309; x_wconf 78' lang='lat' dir='ltr'><strong>quidam</strong></span> <span class='ocrx_word' id='word_1_177' title='bbox 1324 1269 1452 1300; x_wconf 72' lang='lat' dir='ltr'><strong>tradunt</strong></span> 
     </span>
     <span class='ocr_line' id='line_1_24' title="bbox 164 1322 1452 1364; baseline -0.001 -10"><span class='ocrx_word' id='word_1_178' title='bbox 164 1323 251 1364; x_wconf 77' lang='lat' dir='ltr'><strong>apud</strong></span> <span class='ocrx_word' id='word_1_179' title='bbox 271 1325 381 1356; x_wconf 75' lang='lat' dir='ltr'><strong>veteres</strong></span> <span class='ocrx_word' id='word_1_180' title='bbox 404 1324 510 1355; x_wconf 81' lang='lat' dir='ltr'><strong>omnia</strong></span> <span class='ocrx_word' id='word_1_181' title='bbox 534 1323 646 1363; x_wconf 69' lang='lat' dir='ltr'><strong>templa</strong></span> <span class='ocrx_word' id='word_1_182' title='bbox 665 1323 700 1354; x_wconf 77' lang='lat' dir='ltr'><strong>in</strong></span> <span class='ocrx_word' id='word_1_183' title='bbox 719 1323 843 1355; x_wconf 81' lang='lat' dir='ltr'><strong>modum</strong></span> <span class='ocrx_word' id='word_1_184' title='bbox 867 1323 1028 1354; x_wconf 76' lang='lat' dir='ltr'><strong>testudinis</strong></span> <span class='ocrx_word' id='word_1_185' title='bbox 1049 1323 1148 1364; x_wconf 79' lang='lat' dir='ltr'><strong>facta,</strong></span> <span class='ocrx_word' id='word_1_186' title='bbox 1171 1325 1205 1354; x_wconf 78' lang='lat' dir='ltr'><strong>at</strong></span> <span class='ocrx_word' id='word_1_187' title='bbox 1227 1333 1296 1354; x_wconf 82' lang='lat' dir='ltr'><strong>vero</strong></span> <span class='ocrx_word' id='word_1_188' title='bbox 1317 1322 1452 1362; x_wconf 77' lang='lat' dir='ltr'><strong>sequenti</strong></span> 
     </span>
     <span class='ocr_line' id='line_1_25' title="bbox 165 1367 1452 1417; baseline -0.001 -9"><span class='ocrx_word' id='word_1_189' title='bbox 165 1367 263 1409; x_wconf 71' lang='lat' dir='ltr'><strong>aetate</strong></span> <span class='ocrx_word' id='word_1_190' title='bbox 294 1377 409 1409; x_wconf 75' lang='lat' dir='ltr'><strong>divinis</strong></span> <span class='ocrx_word' id='word_1_191' title='bbox 439 1377 617 1408; x_wconf 60' lang='lat' dir='ltr'><strong>simulawis</strong></span> <span class='ocrx_word' id='word_1_192' title='bbox 647 1377 775 1416; x_wconf 77' lang='lat' dir='ltr'><strong>positis,</strong></span> <span class='ocrx_word' id='word_1_193' title='bbox 808 1375 1012 1408; x_wconf 72' lang='lat' dir='ltr'><strong>nihilominus</strong></span> <span class='ocrx_word' id='word_1_194' title='bbox 1042 1377 1078 1407; x_wconf 77' lang='lat' dir='ltr'><strong>in</strong></span> <span class='ocrx_word' id='word_1_195' title='bbox 1110 1376 1229 1417; x_wconf 77' lang='lat' dir='ltr'><strong>templis</strong></span> <span class='ocrx_word' id='word_1_196' title='bbox 1258 1376 1359 1415; x_wconf 76' lang='lat' dir='ltr'><strong>factas</strong></span> <span class='ocrx_word' id='word_1_197' title='bbox 1390 1385 1452 1407; x_wconf 84' lang='lat' dir='ltr'><strong>esse</strong></span> 
     </span>
     <span class='ocr_line' id='line_1_26' title="bbox 166 1429 1452 1471; baseline -0.002 -9"><span class='ocrx_word' id='word_1_198' title='bbox 166 1431 342 1471; x_wconf 76' lang='lat' dir='ltr'><strong>testudines,</strong></span> <span class='ocrx_word' id='word_1_199' title='bbox 369 1431 451 1471; x_wconf 77' lang='lat' dir='ltr'><strong>quod</strong></span> <span class='ocrx_word' id='word_1_200' title='bbox 478 1430 578 1463; x_wconf 84' lang='lat' dir='ltr'><strong>Varro</strong></span> <span class='ocrx_word' id='word_1_201' title='bbox 605 1431 664 1469; x_wconf 81' lang='lat' dir='ltr'><strong>ait,</strong></span> <span class='ocrx_word' id='word_1_202' title='bbox 696 1432 732 1462; x_wconf 77' lang='lat' dir='ltr'><strong>ut</strong></span> <span class='ocrx_word' id='word_1_203' title='bbox 757 1432 934 1471; x_wconf 75' lang='lat' dir='ltr'><strong>separatum</strong></span> <span class='ocrx_word' id='word_1_204' title='bbox 962 1432 1048 1471; x_wconf 76' lang='lat' dir='ltr'><strong>esset,</strong></span> <span class='ocrx_word' id='word_1_205' title='bbox 1079 1430 1132 1461; x_wconf 75' lang='lat' dir='ltr'><strong>ubi</strong></span> <span class='ocrx_word' id='word_1_206' title='bbox 1159 1432 1256 1461; x_wconf 81' lang='lat' dir='ltr'><strong>metus</strong></span> <span class='ocrx_word' id='word_1_207' title='bbox 1283 1431 1369 1467; x_wconf 75' lang='lat' dir='ltr'><strong>esset,</strong></span> <span class='ocrx_word' id='word_1_208' title='bbox 1399 1429 1452 1460; x_wconf 58' lang='lat' dir='ltr'><strong>ube·</strong></span> 
     </span>
    </p>
   </div>
   <div class='ocr_carea' id='block_1_5' title="bbox 167 1525 1451 1668">
    <p class='ocr_par' dir='ltr' id='par_1_7' title="bbox 167 1525 1451 1668">
     <span class='ocr_line' id='line_1_27' title="bbox 237 1525 1451 1563; baseline -0.002 -9"><span class='ocrx_word' id='word_1_209' title='bbox 237 1531 252 1554; x_wconf 85' lang='lat'>2</span> <span class='ocrx_word' id='word_1_210' title='bbox 271 1527 354 1563; x_wconf 79' lang='lat' dir='ltr'><strong>haec]</strong></span> <span class='ocrx_word' id='word_1_211' title='bbox 374 1527 406 1555; x_wconf 84' lang='lat' dir='ltr'><strong>A.</strong></span> <span class='ocrx_word' id='word_1_212' title='bbox 428 1527 439 1553; x_wconf 94' lang='grc' dir='ltr'>Ι</span> <span class='ocrx_word' id='word_1_213' title='bbox 459 1530 492 1554; x_wconf 80' lang='grc'><strong>37</strong></span> <span class='ocrx_word' id='word_1_214' title='bbox 521 1528 530 1561; x_wconf 85' lang='grc' dir='ltr'><strong>ΙΙ</strong></span> <span class='ocrx_word' id='word_1_215' title='bbox 557 1526 716 1561; x_wconf 82' lang='lat' dir='ltr'><strong>Terentius]</strong></span> <span class='ocrx_word' id='word_1_216' title='bbox 741 1527 800 1553; x_wconf 88' lang='lat' dir='ltr'><strong>hec.</strong></span> <span class='ocrx_word' id='word_1_217' title='bbox 821 1526 834 1552; x_wconf 96' lang='grc' dir='ltr'>Ι</span> <span class='ocrx_word' id='word_1_218' title='bbox 854 1530 883 1560; x_wconf 90' lang='grc'><strong>2,</strong></span> <span class='ocrx_word' id='word_1_219' title='bbox 903 1530 936 1554; x_wconf 87' lang='grc'><strong>32</strong></span> <span class='ocrx_word' id='word_1_220' title='bbox 966 1526 1014 1553; x_wconf 82' lang='lat' dir='ltr'><strong>‘ut</strong></span> <span class='ocrx_word' id='word_1_221' title='bbox 1032 1526 1120 1553; x_wconf 83' lang='lat' dir='ltr'><strong>tacita</strong></span> <span class='ocrx_word' id='word_1_222' title='bbox 1139 1534 1247 1553; x_wconf 88' lang='lat' dir='ltr'><strong>mecum</strong></span> <span class='ocrx_word' id='word_1_223' title='bbox 1268 1525 1423 1560; x_wconf 85' lang='lat' dir='ltr'><strong>gaudeam’</strong></span> <span class='ocrx_word' id='word_1_224' title='bbox 1443 1527 1451 1560; x_wconf 30' lang='grc' dir='ltr'><strong>’ἢ</strong></span> 
     </span>
     <span class='ocr_line' id='line_1_28' title="bbox 169 1561 1451 1598; baseline -0.002 -8"><span class='ocrx_word' id='word_1_225' title='bbox 169 1567 185 1590; x_wconf 86' lang='grc'><strong>3</strong></span> <span class='ocrx_word' id='word_1_226' title='bbox 203 1563 391 1598; x_wconf 85' lang='lat' dir='ltr'><strong>tacitumque]</strong></span> <span class='ocrx_word' id='word_1_227' title='bbox 411 1563 443 1589; x_wconf 90' lang='lat' dir='ltr'><strong>A.</strong></span> <span class='ocrx_word' id='word_1_228' title='bbox 463 1563 516 1590; x_wconf 91' lang='lat' dir='ltr'><strong>VII</strong></span> <span class='ocrx_word' id='word_1_229' title='bbox 535 1566 587 1589; x_wconf 88' lang='lat'><strong>343</strong></span> <span class='ocrx_word' id='word_1_230' title='bbox 601 1564 611 1596; x_wconf 76' lang='grc' dir='ltr'><strong>ΙΙ</strong></span> <span class='ocrx_word' id='word_1_231' title='bbox 625 1566 640 1589; x_wconf 84' lang='grc'>5</span> <span class='ocrx_word' id='word_1_232' title='bbox 659 1562 776 1596; x_wconf 87' lang='lat' dir='ltr'><strong>blanda]</strong></span> <span class='ocrx_word' id='word_1_233' title='bbox 797 1562 829 1588; x_wconf 93' lang='lat' dir='ltr'><strong>A.</strong></span> <span class='ocrx_word' id='word_1_234' title='bbox 849 1562 873 1588; x_wconf 94' lang='lat' dir='ltr'><strong>V</strong></span> <span class='ocrx_word' id='word_1_235' title='bbox 893 1566 944 1589; x_wconf 83' lang='grc'><strong>827</strong></span> <span class='ocrx_word' id='word_1_236' title='bbox 959 1563 968 1596; x_wconf 76' lang='grc' dir='ltr'><strong>ΙΙ</strong></span> <span class='ocrx_word' id='word_1_237' title='bbox 988 1566 1004 1589; x_wconf 82' lang='grc'><strong>6</strong></span> <span class='ocrx_word' id='word_1_238' title='bbox 1023 1562 1162 1597; x_wconf 82' lang='lat' dir='ltr'><strong>impotens</strong></span> <span class='ocrx_word' id='word_1_239' title='bbox 1182 1571 1204 1589; x_wconf 91' lang='lat' dir='ltr'><strong>e.</strong></span> <span class='ocrx_word' id='word_1_240' title='bbox 1224 1571 1251 1596; x_wconf 88' lang='lat' dir='ltr'><strong>q.</strong></span> <span class='ocrx_word' id='word_1_241' title='bbox 1272 1561 1305 1595; x_wconf 66' lang='lat' dir='ltr'><strong>a]</strong></span> <span class='ocrx_word' id='word_1_242' title='bbox 1327 1561 1360 1588; x_wconf 80' lang='lat' dir='ltr'><strong>cf.</strong></span> <span class='ocrx_word' id='word_1_243' title='bbox 1381 1561 1451 1588; x_wconf 89' lang='lat' dir='ltr'><strong>Don.</strong></span> 
     </span>
     <span class='ocr_line' id='line_1_29' title="bbox 167 1597 1451 1633; baseline -0.003 -7"><span class='ocrx_word' id='word_1_244' title='bbox 167 1599 204 1626; x_wconf 72' lang='lat' dir='ltr'><strong>ad</strong></span> <span class='ocrx_word' id='word_1_245' title='bbox 222 1599 284 1626; x_wconf 85' lang='lat' dir='ltr'><strong>Ter.</strong></span> <span class='ocrx_word' id='word_1_246' title='bbox 303 1599 390 1625; x_wconf 86' lang='lat' dir='ltr'><strong>Andr.</strong></span> <span class='ocrx_word' id='word_1_247' title='bbox 409 1599 435 1625; x_wconf 90' lang='lat' dir='ltr'><strong>V</strong></span> <span class='ocrx_word' id='word_1_248' title='bbox 454 1602 479 1632; x_wconf 86' lang='lat'><strong>3,</strong></span> <span class='ocrx_word' id='word_1_249' title='bbox 500 1599 540 1633; x_wconf 80' lang='grc'><strong>811</strong></span> <span class='ocrx_word' id='word_1_250' title='bbox 556 1602 587 1625; x_wconf 88' lang='grc'><strong>13</strong></span> <span class='ocrx_word' id='word_1_251' title='bbox 606 1598 636 1624; x_wconf 91' lang='lat' dir='ltr'><strong>in</strong></span> <span class='ocrx_word' id='word_1_252' title='bbox 654 1598 772 1633; x_wconf 85' lang='lat' dir='ltr'><strong>foribus]</strong></span> <span class='ocrx_word' id='word_1_253' title='bbox 793 1598 825 1625; x_wconf 91' lang='lat' dir='ltr'><strong>A.</strong></span> <span class='ocrx_word' id='word_1_254' title='bbox 844 1598 884 1624; x_wconf 89' lang='lat' dir='ltr'><strong>VI</strong></span> <span class='ocrx_word' id='word_1_255' title='bbox 903 1601 936 1625; x_wconf 89' lang='grc'><strong>20</strong></span> <span class='ocrx_word' id='word_1_256' title='bbox 950 1599 960 1632; x_wconf 82' lang='grc' dir='ltr'><strong>ΙΙ</strong></span> <span class='ocrx_word' id='word_1_257' title='bbox 982 1601 1015 1624; x_wconf 83' lang='lat'><strong>14</strong></span> <span class='ocrx_word' id='word_1_258' title='bbox 1033 1598 1063 1624; x_wconf 91' lang='lat' dir='ltr'><strong>in</strong></span> <span class='ocrx_word' id='word_1_259' title='bbox 1081 1598 1198 1632; x_wconf 83' lang='lat' dir='ltr'><strong>foribus]</strong></span> <span class='ocrx_word' id='word_1_260' title='bbox 1219 1606 1313 1632; x_wconf 88' lang='lat' dir='ltr'><strong>georg.</strong></span> <span class='ocrx_word' id='word_1_261' title='bbox 1333 1597 1371 1623; x_wconf 86' lang='lat'><strong>111</strong></span> <span class='ocrx_word' id='word_1_262' title='bbox 1389 1600 1423 1623; x_wconf 79' lang='lat'><strong>26</strong></span> <span class='ocrx_word' id='word_1_263' title='bbox 1445 1617 1451 1628; x_wconf 14' lang='grc' dir='ltr'><strong>Ἴ,</strong></span> 
     </span>
     <span class='ocr_line' id='line_1_30' title="bbox 168 1633 1451 1668; baseline -0.003 -6"><span class='ocrx_word' id='word_1_264' title='bbox 168 1638 201 1662; x_wconf 89' lang='grc'><strong>18</strong></span> <span class='ocrx_word' id='word_1_265' title='bbox 221 1643 332 1662; x_wconf 80' lang='lat' dir='ltr'><strong>camera.</strong></span> <span class='ocrx_word' id='word_1_266' title='bbox 350 1634 466 1661; x_wconf 81' lang='lat' dir='ltr'><strong>incurva</strong></span> <span class='ocrx_word' id='word_1_267' title='bbox 481 1656 487 1663; x_wconf 93' lang='lat'><strong>.</strong></span> <span class='ocrx_word' id='word_1_268' title='bbox 500 1657 505 1663; x_wconf 93' lang='lat'><strong>.</strong></span> <span class='ocrx_word' id='word_1_269' title='bbox 517 1656 523 1661; x_wconf 89' lang='lat'><strong>.</strong></span> <span class='ocrx_word' id='word_1_270' title='bbox 539 1634 687 1661; x_wconf 77' lang='lat' dir='ltr'><strong>adversum</strong></span> <span class='ocrx_word' id='word_1_271' title='bbox 707 1633 896 1668; x_wconf 85' lang='lat' dir='ltr'><strong>venientibus]</strong></span> <span class='ocrx_word' id='word_1_272' title='bbox 918 1633 1044 1660; x_wconf 84' lang='lat' dir='ltr'><strong>Servium</strong></span> <span class='ocrx_word' id='word_1_273' title='bbox 1064 1642 1150 1661; x_wconf 84' lang='lat' dir='ltr'><strong>exscr.</strong></span> <span class='ocrx_word' id='word_1_274' title='bbox 1167 1633 1232 1659; x_wconf 83' lang='lat' dir='ltr'><strong>Isid.</strong></span> <span class='ocrx_word' id='word_1_275' title='bbox 1248 1633 1318 1667; x_wconf 84' lang='lat' dir='ltr'><strong>orig.</strong></span> <span class='ocrx_word' id='word_1_276' title='bbox 1334 1633 1385 1659; x_wconf 91' lang='lat' dir='ltr'><strong>XV</strong></span> <span class='ocrx_word' id='word_1_277' title='bbox 1400 1636 1425 1666; x_wconf 83' lang='lat'><strong>8,</strong></span> <span class='ocrx_word' id='word_1_278' title='bbox 1436 1636 1451 1658; x_wconf 88' lang='lat'>8</span> 
     </span>
    </p>
   </div>
   <div class='ocr_carea' id='block_1_6' title="bbox 167 1691 380 1695">
    <p class='ocr_par' dir='ltr' id='par_1_8' title="bbox 167 1691 380 1695">
     <span class='ocr_line' id='line_1_31' title="bbox 167 1691 380 1695; baseline 0 0"><span class='ocrx_word' id='word_1_279' title='bbox 167 1691 380 1695; x_wconf 95' lang='lat' dir='ltr'><strong> </strong></span> 
     </span>
    </p>
   </div>
   <div class='ocr_carea' id='block_1_7' title="bbox 167 1722 1454 2437">
    <p class='ocr_par' dir='ltr' id='par_1_9' title="bbox 167 1722 1454 2437">
     <span class='ocr_line' id='line_1_32' title="bbox 240 1722 1453 1758; baseline -0.002 -7"><span class='ocrx_word' id='word_1_280' title='bbox 240 1728 254 1751; x_wconf 91' lang='lat'>1</span> <span class='ocrx_word' id='word_1_281' title='bbox 274 1725 311 1751; x_wconf 83' lang='lat' dir='ltr'><strong>ad</strong></span> <span class='ocrx_word' id='word_1_282' title='bbox 330 1733 354 1751; x_wconf 83' lang='lat' dir='ltr'><strong>v.</strong></span> <span class='ocrx_word' id='word_1_283' title='bbox 375 1727 425 1751; x_wconf 81' lang='lat'><strong>502</strong></span> <span class='ocrx_word' id='word_1_284' title='bbox 451 1723 595 1758; x_wconf 87' lang='lat' dir='ltr'><strong>Tacitum]</strong></span> <span class='ocrx_word' id='word_1_285' title='bbox 620 1732 670 1758; x_wconf 84' lang='lat' dir='ltr'><strong>pro</strong></span> <span class='ocrx_word' id='word_1_286' title='bbox 689 1723 784 1750; x_wconf 81' lang='lat' dir='ltr'><strong>tacite.</strong></span> <span class='ocrx_word' id='word_1_287' title='bbox 822 1724 931 1750; x_wconf 84' lang='lat' dir='ltr'><strong>Instans</strong></span> <span class='ocrx_word' id='word_1_288' title='bbox 956 1723 1046 1757; x_wconf 87' lang='lat' dir='ltr'><strong>operi]</strong></span> <span class='ocrx_word' id='word_1_289' title='bbox 1072 1731 1169 1749; x_wconf 82' lang='lat' dir='ltr'><strong>zeuma</strong></span> <span class='ocrx_word' id='word_1_290' title='bbox 1187 1723 1230 1749; x_wconf 81' lang='lat' dir='ltr'><strong>est</strong></span> <span class='ocrx_word' id='word_1_291' title='bbox 1249 1722 1285 1749; x_wconf 90' lang='lat' dir='ltr'><strong>ad</strong></span> <span class='ocrx_word' id='word_1_292' title='bbox 1308 1722 1453 1755; x_wconf 79' lang='lat' dir='ltr'><strong>sequentia</strong></span> 
     </span>
     <span class='ocr_line' id='line_1_33' title="bbox 167 1757 1453 1795; baseline -0.003 -8"><span class='ocrx_word' id='word_1_293' title='bbox 167 1760 318 1794; x_wconf 83' lang='lat' dir='ltr'><strong>pertinens.</strong></span> <span class='ocrx_word' id='word_1_294' title='bbox 340 1760 368 1786; x_wconf 92' lang='lat' dir='ltr'><strong><em>P</em></strong></span> <span class='ocrx_word' id='word_1_295' title='bbox 379 1761 389 1794; x_wconf 80' lang='grc' dir='ltr'><strong>ΙΙ</strong></span> <span class='ocrx_word' id='word_1_296' title='bbox 408 1763 423 1786; x_wconf 88' lang='grc'><strong>2</strong></span> <span class='ocrx_word' id='word_1_297' title='bbox 443 1760 591 1795; x_wconf 82' lang='lat' dir='ltr'><strong>gaudeam.</strong></span> <span class='ocrx_word' id='word_1_298' title='bbox 629 1768 695 1794; x_wconf 85' lang='lat' dir='ltr'><strong>ergo</strong></span> <span class='ocrx_word' id='word_1_299' title='bbox 713 1759 831 1786; x_wconf 79' lang='lat' dir='ltr'><strong>tacitum</strong></span> <span class='ocrx_word' id='word_1_300' title='bbox 850 1768 900 1793; x_wconf 88' lang='lat' dir='ltr'><strong>pro</strong></span> <span class='ocrx_word' id='word_1_301' title='bbox 919 1759 1005 1785; x_wconf 81' lang='lat' dir='ltr'><strong>tacite</strong></span> <span class='ocrx_word' id='word_1_302' title='bbox 1025 1767 1044 1785; x_wconf 86' lang='lat' dir='ltr'><strong>e.</strong></span> <span class='ocrx_word' id='word_1_303' title='bbox 1065 1767 1088 1792; x_wconf 77' lang='lat' dir='ltr'><strong>q.</strong></span> <span class='ocrx_word' id='word_1_304' title='bbox 1107 1766 1128 1785; x_wconf 87' lang='lat' dir='ltr'><strong>s.</strong></span> <span class='ocrx_word' id='word_1_305' title='bbox 1149 1758 1172 1785; x_wconf 79' lang='grc' dir='ltr'><em>Ο</em></span> <span class='ocrx_word' id='word_1_306' title='bbox 1190 1758 1199 1792; x_wconf 74' lang='lat' dir='ltr'>ss</span> <span class='ocrx_word' id='word_1_307' title='bbox 1222 1761 1237 1784; x_wconf 90' lang='lat'><strong>3</strong></span> <span class='ocrx_word' id='word_1_308' title='bbox 1257 1758 1385 1784; x_wconf 87' lang='lat' dir='ltr'><strong>liminate</strong></span> <span class='ocrx_word' id='word_1_309' title='bbox 1406 1757 1429 1783; x_wconf 84' lang='grc' dir='ltr'><strong><em>Ο</em></strong></span> <span class='ocrx_word' id='word_1_310' title='bbox 1444 1758 1453 1792; x_wconf 52' lang='grc' dir='ltr'><strong>ἕξ</strong></span> 
     </span>
     <span class='ocr_line' id='line_1_34' title="bbox 169 1793 1453 1830; baseline -0.003 -7"><span class='ocrx_word' id='word_1_311' title='bbox 169 1799 183 1823; x_wconf 82' lang='grc'><strong>7</strong></span> <span class='ocrx_word' id='word_1_312' title='bbox 203 1804 321 1830; x_wconf 79' lang='lat' dir='ltr'><strong>zeugma</strong></span> <span class='ocrx_word' id='word_1_313' title='bbox 340 1816 346 1822; x_wconf 97' lang='lat'><strong>.</strong></span> <span class='ocrx_word' id='word_1_314' title='bbox 367 1817 372 1823; x_wconf 95' lang='lat'><strong>.</strong></span> <span class='ocrx_word' id='word_1_315' title='bbox 393 1816 399 1821; x_wconf 90' lang='lat'><strong>.</strong></span> <span class='ocrx_word' id='word_1_316' title='bbox 419 1805 501 1822; x_wconf 66' lang='lat' dir='ltr'><strong>nivm</strong></span> <span class='ocrx_word' id='word_1_317' title='bbox 521 1796 530 1822; x_wconf 84' lang='lat' dir='ltr'><em>l</em></span> <span class='ocrx_word' id='word_1_318' title='bbox 549 1796 580 1822; x_wconf 80' lang='lat' dir='ltr'><strong>in</strong></span> <span class='ocrx_word' id='word_1_319' title='bbox 598 1804 683 1829; x_wconf 74' lang='lat' dir='ltr'><strong>mary.</strong></span> <span class='ocrx_word' id='word_1_320' title='bbox 699 1796 708 1829; x_wconf 84' lang='grc' dir='ltr'><strong>ΙΙ</strong></span> <span class='ocrx_word' id='word_1_321' title='bbox 727 1803 826 1821; x_wconf 82' lang='lat' dir='ltr'><strong>zeuma</strong></span> <span class='ocrx_word' id='word_1_322' title='bbox 844 1795 951 1820; x_wconf 89' lang='lat' dir='ltr'><strong>BHM</strong></span> <span class='ocrx_word' id='word_1_323' title='bbox 963 1795 972 1828; x_wconf 85' lang='grc' dir='ltr'><strong>ΙΙ</strong></span> <span class='ocrx_word' id='word_1_324' title='bbox 992 1795 1034 1820; x_wconf 85' lang='lat' dir='ltr'><strong>est</strong></span> <span class='ocrx_word' id='word_1_325' title='bbox 1052 1802 1102 1820; x_wconf 84' lang='lat' dir='ltr'><strong>om.</strong></span> <span class='ocrx_word' id='word_1_326' title='bbox 1123 1794 1195 1828; x_wconf 69' lang='lat'>10²1}</span> <span class='ocrx_word' id='word_1_327' title='bbox 1216 1795 1232 1819; x_wconf 91' lang='grc'>8</span> <span class='ocrx_word' id='word_1_328' title='bbox 1251 1793 1373 1827; x_wconf 83' lang='lat' dir='ltr'><strong>pertinet</strong></span> <span class='ocrx_word' id='word_1_329' title='bbox 1393 1793 1426 1819; x_wconf 80' lang='lat'><strong>0²</strong></span> <span class='ocrx_word' id='word_1_330' title='bbox 1445 1794 1453 1828; x_wconf 58' lang='lat' dir='ltr'><strong>y!</strong></span> 
     </span>
     <span class='ocr_line' id='line_1_35' title="bbox 169 1829 1428 1866; baseline -0.003 -8"><span class='ocrx_word' id='word_1_331' title='bbox 169 1835 185 1858; x_wconf 86' lang='grc'>9</span> <span class='ocrx_word' id='word_1_332' title='bbox 204 1832 242 1859; x_wconf 84' lang='lat' dir='ltr'><strong>ad</strong></span> <span class='ocrx_word' id='word_1_333' title='bbox 259 1840 283 1858; x_wconf 87' lang='lat' dir='ltr'><strong>v.</strong></span> <span class='ocrx_word' id='word_1_334' title='bbox 304 1834 357 1858; x_wconf 84' lang='lat'><strong>504</strong></span> <span class='ocrx_word' id='word_1_335' title='bbox 382 1831 540 1866; x_wconf 77' lang='lat' dir='ltr'><strong>Regnisque</strong></span> <span class='ocrx_word' id='word_1_336' title='bbox 563 1831 677 1866; x_wconf 85' lang='lat' dir='ltr'><strong>futuris]</strong></span> <span class='ocrx_word' id='word_1_337' title='bbox 704 1832 871 1865; x_wconf 82' lang='lat' dir='ltr'><strong>regnaturae</strong></span> <span class='ocrx_word' id='word_1_338' title='bbox 894 1830 970 1863; x_wconf 75' lang='lat' dir='ltr'><strong>urbi,</strong></span> <span class='ocrx_word' id='word_1_339' title='bbox 994 1838 1058 1856; x_wconf 88' lang='lat' dir='ltr'><strong>nam</strong></span> <span class='ocrx_word' id='word_1_340' title='bbox 1077 1830 1140 1863; x_wconf 81' lang='lat' dir='ltr'><strong>ipsa</strong></span> <span class='ocrx_word' id='word_1_341' title='bbox 1158 1829 1215 1856; x_wconf 89' lang='lat' dir='ltr'><strong>iam</strong></span> <span class='ocrx_word' id='word_1_342' title='bbox 1233 1830 1378 1863; x_wconf 82' lang='lat' dir='ltr'><strong>regnabat.</strong></span> <span class='ocrx_word' id='word_1_343' title='bbox 1400 1829 1428 1854; x_wconf 83' lang='lat' dir='ltr'><strong><em>P</em></strong></span> 
     </span>
     <span class='ocr_line' id='line_1_36' title="bbox 168 1864 1453 1902; baseline -0.003 -8"><span class='ocrx_word' id='word_1_344' title='bbox 168 1869 320 1902; x_wconf 76' lang='lat' dir='ltr'><strong>regnatura</strong></span> <span class='ocrx_word' id='word_1_345' title='bbox 339 1867 502 1901; x_wconf 82' lang='lat' dir='ltr'><strong>carthagine</strong></span> <span class='ocrx_word' id='word_1_346' title='bbox 520 1868 551 1901; x_wconf 79' lang='grc' dir='ltr'><strong>ΙΙΙ</strong></span> <span class='ocrx_word' id='word_1_347' title='bbox 566 1866 724 1900; x_wconf 75' lang='lat' dir='ltr'><strong>carthagini</strong></span> <span class='ocrx_word' id='word_1_348' title='bbox 743 1866 810 1892; x_wconf 89' lang='lat' dir='ltr'><strong>urbe</strong></span> <span class='ocrx_word' id='word_1_349' title='bbox 830 1874 896 1900; x_wconf 90' lang='lat' dir='ltr'><strong>ergo</strong></span> <span class='ocrx_word' id='word_1_350' title='bbox 915 1866 971 1892; x_wconf 88' lang='lat' dir='ltr'><strong>iam</strong></span> <span class='ocrx_word' id='word_1_351' title='bbox 990 1865 1053 1899; x_wconf 85' lang='lat' dir='ltr'><strong>ipsa</strong></span> <span class='ocrx_word' id='word_1_352' title='bbox 1071 1874 1136 1891; x_wconf 89' lang='lat' dir='ltr'><strong>nam</strong></span> <span class='ocrx_word' id='word_1_353' title='bbox 1154 1865 1291 1899; x_wconf 72' lang='lat' dir='ltr'><strong>regnabat</strong></span> <span class='ocrx_word' id='word_1_354' title='bbox 1306 1864 1329 1891; x_wconf 82' lang='lat' dir='ltr'><em>O</em></span> <span class='ocrx_word' id='word_1_355' title='bbox 1340 1865 1349 1898; x_wconf 72' lang='lat' dir='ltr'>fl</span> <span class='ocrx_word' id='word_1_356' title='bbox 1365 1868 1395 1890; x_wconf 88' lang='lat'><strong>11</strong></span> <span class='ocrx_word' id='word_1_357' title='bbox 1417 1865 1453 1890; x_wconf 82' lang='lat' dir='ltr'><strong>ad</strong></span> 
     </span>
     <span class='ocr_line' id='line_1_37' title="bbox 168 1899 1452 1937; baseline -0.004 -7"><span class='ocrx_word' id='word_1_358' title='bbox 168 1912 191 1930; x_wconf 79' lang='lat' dir='ltr'><strong>v.</strong></span> <span class='ocrx_word' id='word_1_359' title='bbox 213 1906 263 1930; x_wconf 85' lang='lat'><strong>505</strong></span> <span class='ocrx_word' id='word_1_360' title='bbox 284 1903 355 1929; x_wconf 81' lang='lat' dir='ltr'><strong>Tum</strong></span> <span class='ocrx_word' id='word_1_361' title='bbox 374 1903 480 1929; x_wconf 79' lang='lat' dir='ltr'><strong>foribus</strong></span> <span class='ocrx_word' id='word_1_362' title='bbox 500 1902 594 1937; x_wconf 84' lang='lat' dir='ltr'><strong>diuae]</strong></span> <span class='ocrx_word' id='word_1_363' title='bbox 614 1902 721 1928; x_wconf 83' lang='lat' dir='ltr'><strong>instans</strong></span> <span class='ocrx_word' id='word_1_364' title='bbox 740 1902 890 1936; x_wconf 83' lang='lat' dir='ltr'><strong>praecipue</strong></span> <span class='ocrx_word' id='word_1_365' title='bbox 909 1901 1015 1928; x_wconf 81' lang='lat' dir='ltr'><strong>foribus</strong></span> <span class='ocrx_word' id='word_1_366' title='bbox 1036 1923 1042 1928; x_wconf 94' lang='lat'><strong>.</strong></span> <span class='ocrx_word' id='word_1_367' title='bbox 1058 1922 1064 1928; x_wconf 88' lang='lat'><strong>.</strong></span> <span class='ocrx_word' id='word_1_368' title='bbox 1081 1922 1086 1926; x_wconf 93' lang='lat'><strong>.</strong></span> <span class='ocrx_word' id='word_1_369' title='bbox 1107 1901 1224 1933; x_wconf 83' lang='lat' dir='ltr'><strong>fiebant,</strong></span> <span class='ocrx_word' id='word_1_370' title='bbox 1245 1899 1373 1934; x_wconf 82' lang='lat' dir='ltr'><strong>quamuis</strong></span> <span class='ocrx_word' id='word_1_371' title='bbox 1393 1899 1452 1933; x_wconf 89' lang='lat' dir='ltr'><strong>qui-</strong></span> 
     </span>
     <span class='ocr_line' id='line_1_38' title="bbox 169 1935 1453 1973; baseline -0.003 -8"><span class='ocrx_word' id='word_1_372' title='bbox 169 1939 234 1965; x_wconf 78' lang='lat' dir='ltr'><strong>dam</strong></span> <span class='ocrx_word' id='word_1_373' title='bbox 253 1938 373 1973; x_wconf 77' lang='lat' dir='ltr'><strong>iungant</strong></span> <span class='ocrx_word' id='word_1_374' title='bbox 392 1961 397 1966; x_wconf 93' lang='lat'><strong>.</strong></span> <span class='ocrx_word' id='word_1_375' title='bbox 419 1959 425 1964; x_wconf 98' lang='lat'><strong>.</strong></span> <span class='ocrx_word' id='word_1_376' title='bbox 446 1959 452 1964; x_wconf 97' lang='lat'><strong>.</strong></span> <span class='ocrx_word' id='word_1_377' title='bbox 472 1938 635 1972; x_wconf 82' lang='lat' dir='ltr'><strong>Testudine]</strong></span> <span class='ocrx_word' id='word_1_378' title='bbox 660 1946 771 1964; x_wconf 85' lang='lat' dir='ltr'><strong>camera</strong></span> <span class='ocrx_word' id='word_1_379' title='bbox 794 1937 909 1963; x_wconf 83' lang='lat' dir='ltr'><strong>incurua</strong></span> <span class='ocrx_word' id='word_1_380' title='bbox 932 1936 962 1962; x_wconf 86' lang='lat' dir='ltr'><strong>id</strong></span> <span class='ocrx_word' id='word_1_381' title='bbox 981 1938 1023 1963; x_wconf 82' lang='lat' dir='ltr'><strong>est</strong></span> <span class='ocrx_word' id='word_1_382' title='bbox 1047 1936 1185 1963; x_wconf 81' lang='lat' dir='ltr'><strong>fornicata</strong></span> <span class='ocrx_word' id='word_1_383' title='bbox 1203 1935 1266 1962; x_wconf 89' lang='lat' dir='ltr'><strong>ideo</strong></span> <span class='ocrx_word' id='word_1_384' title='bbox 1287 1936 1326 1962; x_wconf 87' lang='lat' dir='ltr'><strong>sic</strong></span> <span class='ocrx_word' id='word_1_385' title='bbox 1350 1936 1394 1968; x_wconf 84' lang='lat' dir='ltr'><strong>fit,</strong></span> <span class='ocrx_word' id='word_1_386' title='bbox 1421 1938 1453 1961; x_wconf 85' lang='lat' dir='ltr'><strong>ut</strong></span> 
     </span>
     <span class='ocr_line' id='line_1_39' title="bbox 170 1971 1454 2008; baseline -0.003 -7"><span class='ocrx_word' id='word_1_387' title='bbox 170 1974 319 2001; x_wconf 80' lang='lat' dir='ltr'><strong>simulacro</strong></span> <span class='ocrx_word' id='word_1_388' title='bbox 339 1974 410 2001; x_wconf 77' lang='lat' dir='ltr'><strong>caeli</strong></span> <span class='ocrx_word' id='word_1_389' title='bbox 428 1973 580 2008; x_wconf 82' lang='lat' dir='ltr'><strong>imaginem</strong></span> <span class='ocrx_word' id='word_1_390' title='bbox 600 1973 700 1999; x_wconf 84' lang='lat' dir='ltr'><strong>reddat</strong></span> <span class='ocrx_word' id='word_1_391' title='bbox 718 1972 794 2006; x_wconf 86' lang='lat' dir='ltr'><strong>quod</strong></span> <span class='ocrx_word' id='word_1_392' title='bbox 813 1973 924 1999; x_wconf 84' lang='lat' dir='ltr'><strong>constat</strong></span> <span class='ocrx_word' id='word_1_393' title='bbox 942 1980 1000 1999; x_wconf 80' lang='lat' dir='ltr'><strong>esse</strong></span> <span class='ocrx_word' id='word_1_394' title='bbox 1017 1980 1179 1998; x_wconf 83' lang='lat' dir='ltr'><strong>conuexum.</strong></span> <span class='ocrx_word' id='word_1_395' title='bbox 1210 1971 1324 2004; x_wconf 88' lang='lat' dir='ltr'><strong>quidam</strong></span> <span class='ocrx_word' id='word_1_396' title='bbox 1339 1971 1454 1997; x_wconf 85' lang='lat' dir='ltr'><strong>tradunt</strong></span> 
     </span>
     <span class='ocr_line' id='line_1_40' title="bbox 170 2007 1453 2044; baseline -0.003 -7"><span class='ocrx_word' id='word_1_397' title='bbox 170 2011 240 2044; x_wconf 76' lang='lat' dir='ltr'><strong>aput</strong></span> <span class='ocrx_word' id='word_1_398' title='bbox 257 2012 365 2037; x_wconf 84' lang='lat' dir='ltr'><strong>veteres</strong></span> <span class='ocrx_word' id='word_1_399' title='bbox 384 2010 477 2036; x_wconf 87' lang='lat' dir='ltr'><strong>omnia</strong></span> <span class='ocrx_word' id='word_1_400' title='bbox 494 2009 602 2043; x_wconf 78' lang='lat' dir='ltr'><strong>templa</strong></span> <span class='ocrx_word' id='word_1_401' title='bbox 619 2008 649 2035; x_wconf 91' lang='lat' dir='ltr'><strong>in</strong></span> <span class='ocrx_word' id='word_1_402' title='bbox 667 2008 781 2035; x_wconf 90' lang='lat' dir='ltr'><strong>modum</strong></span> <span class='ocrx_word' id='word_1_403' title='bbox 804 2008 953 2034; x_wconf 83' lang='lat' dir='ltr'><strong>testudinis</strong></span> <span class='ocrx_word' id='word_1_404' title='bbox 977 2007 1059 2034; x_wconf 79' lang='lat' dir='ltr'><strong>faeta.</strong></span> <span class='ocrx_word' id='word_1_405' title='bbox 1098 2007 1147 2034; x_wconf 84' lang='lat' dir='ltr'><strong>alii</strong></span> <span class='ocrx_word' id='word_1_406' title='bbox 1167 2008 1241 2034; x_wconf 90' lang='lat' dir='ltr'><strong>hunc</strong></span> <span class='ocrx_word' id='word_1_407' title='bbox 1261 2007 1386 2033; x_wconf 85' lang='lat' dir='ltr'><strong>ordinem</strong></span> <span class='ocrx_word' id='word_1_408' title='bbox 1405 2015 1453 2033; x_wconf 88' lang='lat' dir='ltr'><strong>uo·</strong></span> 
     </span>
     <span class='ocr_line' id='line_1_41' title="bbox 171 2042 1454 2079; baseline -0.003 -7"><span class='ocrx_word' id='word_1_409' title='bbox 171 2046 245 2072; x_wconf 86' lang='lat' dir='ltr'><strong>lunt:</strong></span> <span class='ocrx_word' id='word_1_410' title='bbox 269 2047 329 2072; x_wconf 89' lang='lat' dir='ltr'><strong>tum</strong></span> <span class='ocrx_word' id='word_1_411' title='bbox 348 2045 453 2072; x_wconf 80' lang='lat' dir='ltr'><strong>foribus</strong></span> <span class='ocrx_word' id='word_1_412' title='bbox 473 2045 555 2071; x_wconf 88' lang='lat' dir='ltr'><strong>diuae</strong></span> <span class='ocrx_word' id='word_1_413' title='bbox 573 2044 674 2079; x_wconf 86' lang='lat' dir='ltr'><strong>templi</strong></span> <span class='ocrx_word' id='word_1_414' title='bbox 692 2044 796 2070; x_wconf 85' lang='lat' dir='ltr'><strong>resedit</strong></span> <span class='ocrx_word' id='word_1_415' title='bbox 814 2043 908 2070; x_wconf 82' lang='lat' dir='ltr'><strong>media</strong></span> <span class='ocrx_word' id='word_1_416' title='bbox 927 2044 1069 2070; x_wconf 86' lang='lat' dir='ltr'><strong>scutorum</strong></span> <span class='ocrx_word' id='word_1_417' title='bbox 1090 2043 1244 2076; x_wconf 73' lang='lat' dir='ltr'><strong>testudine,</strong></span> <span class='ocrx_word' id='word_1_418' title='bbox 1263 2042 1338 2076; x_wconf 85' lang='lat' dir='ltr'><strong>quod</strong></span> <span class='ocrx_word' id='word_1_419' title='bbox 1356 2043 1454 2076; x_wconf 82' lang='lat' dir='ltr'><strong>saepta</strong></span> 
     </span>
     <span class='ocr_line' id='line_1_42' title="bbox 171 2077 1454 2115; baseline -0.003 -7"><span class='ocrx_word' id='word_1_420' title='bbox 171 2081 255 2107; x_wconf 82' lang='lat' dir='ltr'><strong>armis</strong></span> <span class='ocrx_word' id='word_1_421' title='bbox 279 2083 346 2108; x_wconf 86' lang='lat' dir='ltr'><strong>erat.</strong></span> <span class='ocrx_word' id='word_1_422' title='bbox 384 2081 439 2108; x_wconf 85' lang='lat' dir='ltr'><strong>hoe</strong></span> <span class='ocrx_word' id='word_1_423' title='bbox 462 2089 549 2115; x_wconf 86' lang='lat' dir='ltr'><strong>genus</strong></span> <span class='ocrx_word' id='word_1_424' title='bbox 572 2080 697 2107; x_wconf 83' lang='lat' dir='ltr'><strong>fabricae</strong></span> <span class='ocrx_word' id='word_1_425' title='bbox 721 2088 738 2106; x_wconf 87' lang='lat' dir='ltr'><strong>a</strong></span> <span class='ocrx_word' id='word_1_426' title='bbox 762 2079 944 2106; x_wconf 80' lang='lat' dir='ltr'><strong>similitudine</strong></span> <span class='ocrx_word' id='word_1_427' title='bbox 970 2078 1119 2105; x_wconf 83' lang='lat' dir='ltr'><strong>testudinis</strong></span> <span class='ocrx_word' id='word_1_428' title='bbox 1147 2080 1276 2112; x_wconf 87' lang='lat' dir='ltr'><strong>uocatur,</strong></span> <span class='ocrx_word' id='word_1_429' title='bbox 1304 2087 1376 2111; x_wconf 86' lang='lat' dir='ltr'><strong>quae</strong></span> <span class='ocrx_word' id='word_1_430' title='bbox 1400 2077 1454 2104; x_wconf 84' lang='lat' dir='ltr'><strong>fuit</strong></span> 
     </span>
     <span class='ocr_line' id='line_1_43' title="bbox 171 2114 1453 2151; baseline -0.004 -7"><span class='ocrx_word' id='word_1_431' title='bbox 171 2117 251 2150; x_wconf 89' lang='lat' dir='ltr'><strong>uirgo</strong></span> <span class='ocrx_word' id='word_1_432' title='bbox 270 2117 406 2151; x_wconf 84' lang='lat' dir='ltr'><strong>quaedam</strong></span> <span class='ocrx_word' id='word_1_433' title='bbox 426 2116 507 2151; x_wconf 79' lang='lat' dir='ltr'><strong>parui</strong></span> <span class='ocrx_word' id='word_1_434' title='bbox 525 2116 648 2150; x_wconf 80' lang='lat' dir='ltr'><strong>pendens</strong></span> <span class='ocrx_word' id='word_1_435' title='bbox 662 2115 736 2142; x_wconf 76' lang='lat' dir='ltr'><strong>Iouis</strong></span> <span class='ocrx_word' id='word_1_436' title='bbox 755 2115 934 2149; x_wconf 76' lang='lat' dir='ltr'><strong>praeceptum</strong></span> <span class='ocrx_word' id='word_1_437' title='bbox 949 2123 999 2149; x_wconf 88' lang='lat' dir='ltr'><strong>per</strong></span> <span class='ocrx_word' id='word_1_438' title='bbox 1014 2114 1194 2148; x_wconf 83' lang='lat' dir='ltr'><strong>Mercurium,</strong></span> <span class='ocrx_word' id='word_1_439' title='bbox 1213 2114 1288 2148; x_wconf 86' lang='lat' dir='ltr'><strong>quod</strong></span> <span class='ocrx_word' id='word_1_440' title='bbox 1306 2114 1355 2140; x_wconf 87' lang='lat' dir='ltr'><strong>ille</strong></span> <span class='ocrx_word' id='word_1_441' title='bbox 1374 2122 1453 2148; x_wconf 77' lang='lat' dir='ltr'><strong>prae-</strong></span> 
     </span>
     <span class='ocr_line' id='line_1_44' title="bbox 172 2149 1453 2186; baseline -0.003 -7"><span class='ocrx_word' id='word_1_442' title='bbox 172 2153 248 2186; x_wconf 82' lang='lat' dir='ltr'><strong>cepit</strong></span> <span class='ocrx_word' id='word_1_443' title='bbox 266 2152 319 2179; x_wconf 79' lang='lat' dir='ltr'><strong>diis</strong></span> <span class='ocrx_word' id='word_1_444' title='bbox 338 2153 467 2179; x_wconf 84' lang='lat' dir='ltr'><strong>omnibus</strong></span> <span class='ocrx_word' id='word_1_445' title='bbox 486 2151 637 2185; x_wconf 82' lang='lat' dir='ltr'><strong>bestiisque</strong></span> <span class='ocrx_word' id='word_1_446' title='bbox 656 2152 688 2177; x_wconf 88' lang='lat' dir='ltr'><strong>ut</strong></span> <span class='ocrx_word' id='word_1_447' title='bbox 706 2151 847 2177; x_wconf 84' lang='lat' dir='ltr'><strong>uenissent</strong></span> <span class='ocrx_word' id='word_1_448' title='bbox 868 2151 904 2176; x_wconf 84' lang='lat' dir='ltr'><strong>ad</strong></span> <span class='ocrx_word' id='word_1_449' title='bbox 927 2150 1039 2184; x_wconf 85' lang='lat' dir='ltr'><strong>nuptias</strong></span> <span class='ocrx_word' id='word_1_450' title='bbox 1058 2150 1178 2177; x_wconf 85' lang='lat' dir='ltr'><strong>Iunonis.</strong></span> <span class='ocrx_word' id='word_1_451' title='bbox 1216 2150 1245 2176; x_wconf 89' lang='lat' dir='ltr'><strong>in</strong></span> <span class='ocrx_word' id='word_1_452' title='bbox 1264 2149 1369 2176; x_wconf 85' lang='lat' dir='ltr'><strong>animal</strong></span> <span class='ocrx_word' id='word_1_453' title='bbox 1394 2149 1453 2175; x_wconf 83' lang='lat' dir='ltr'><strong>tale</strong></span> 
     </span>
     <span class='ocr_line' id='line_1_45' title="bbox 173 2185 1454 2222; baseline -0.003 -7"><span class='ocrx_word' id='word_1_454' title='bbox 173 2196 307 2215; x_wconf 78' lang='lat' dir='ltr'><strong>conuersa</strong></span> <span class='ocrx_word' id='word_1_455' title='bbox 325 2189 380 2222; x_wconf 78' lang='lat' dir='ltr'><strong>est,</strong></span> <span class='ocrx_word' id='word_1_456' title='bbox 405 2188 478 2214; x_wconf 91' lang='lat' dir='ltr'><strong>unde</strong></span> <span class='ocrx_word' id='word_1_457' title='bbox 497 2187 651 2214; x_wconf 83' lang='lat' dir='ltr'><strong>incuruatis</strong></span> <span class='ocrx_word' id='word_1_458' title='bbox 669 2186 805 2213; x_wconf 86' lang='lat' dir='ltr'><strong>aedificiis</strong></span> <span class='ocrx_word' id='word_1_459' title='bbox 828 2186 881 2212; x_wconf 90' lang='lat' dir='ltr'><strong>hoc</strong></span> <span class='ocrx_word' id='word_1_460' title='bbox 903 2194 1006 2213; x_wconf 89' lang='lat' dir='ltr'><strong>nomen</strong></span> <span class='ocrx_word' id='word_1_461' title='bbox 1028 2186 1192 2220; x_wconf 86' lang='lat' dir='ltr'><strong>impositum</strong></span> <span class='ocrx_word' id='word_1_462' title='bbox 1216 2186 1265 2212; x_wconf 82' lang='lat' dir='ltr'><strong>est.</strong></span> <span class='ocrx_word' id='word_1_463' title='bbox 1288 2185 1315 2211; x_wconf 89' lang='lat' dir='ltr'><em>P</em></span> <span class='ocrx_word' id='word_1_464' title='bbox 1335 2186 1345 2219; x_wconf 75' lang='lat' dir='ltr'><strong>ll</strong></span> <span class='ocrx_word' id='word_1_465' title='bbox 1375 2188 1405 2211; x_wconf 83' lang='grc'><strong>12</strong></span> <span class='ocrx_word' id='word_1_466' title='bbox 1426 2186 1454 2210; x_wconf 84' lang='lat' dir='ltr'><strong>et</strong></span> 
     </span>
     <span class='ocr_line' id='line_1_46' title="bbox 173 2221 1453 2258; baseline -0.004 -7"><span class='ocrx_word' id='word_1_467' title='bbox 173 2223 268 2251; x_wconf 77' lang='lat' dir='ltr'><strong>labore</strong></span> <span class='ocrx_word' id='word_1_468' title='bbox 287 2232 337 2251; x_wconf 87' lang='lat' dir='ltr'><strong>om.</strong></span> <span class='ocrx_word' id='word_1_469' title='bbox 354 2225 381 2250; x_wconf 92' lang='lat' dir='ltr'><em>P</em></span> <span class='ocrx_word' id='word_1_470' title='bbox 393 2225 403 2258; x_wconf 77' lang='grc' dir='ltr'><strong>ΙΙ</strong></span> <span class='ocrx_word' id='word_1_471' title='bbox 418 2227 450 2250; x_wconf 88' lang='grc'><strong>13</strong></span> <span class='ocrx_word' id='word_1_472' title='bbox 470 2223 586 2258; x_wconf 80' lang='lat' dir='ltr'><strong>fiebant]</strong></span> <span class='ocrx_word' id='word_1_473' title='bbox 606 2223 749 2250; x_wconf 83' lang='lat' dir='ltr'><strong>faciebant</strong></span> <span class='ocrx_word' id='word_1_474' title='bbox 762 2222 790 2248; x_wconf 90' lang='lat' dir='ltr'><em>B</em></span> <span class='ocrx_word' id='word_1_475' title='bbox 804 2223 813 2256; x_wconf 83' lang='grc' dir='ltr'><strong>ΙΙ</strong></span> <span class='ocrx_word' id='word_1_476' title='bbox 829 2225 862 2248; x_wconf 83' lang='grc'><strong>14</strong></span> <span class='ocrx_word' id='word_1_477' title='bbox 877 2222 1033 2256; x_wconf 84' lang='lat' dir='ltr'><strong>solidoque]</strong></span> <span class='ocrx_word' id='word_1_478' title='bbox 1054 2223 1185 2256; x_wconf 84' lang='lat' dir='ltr'><strong>sectoque</strong></span> <span class='ocrx_word' id='word_1_479' title='bbox 1199 2221 1271 2247; x_wconf 85' lang='grc' dir='ltr'><strong>ΒΜ</strong></span> <span class='ocrx_word' id='word_1_480' title='bbox 1283 2222 1292 2255; x_wconf 86' lang='grc' dir='ltr'><strong>ΙΙ</strong></span> <span class='ocrx_word' id='word_1_481' title='bbox 1308 2224 1339 2247; x_wconf 80' lang='lat'><strong>15</strong></span> <span class='ocrx_word' id='word_1_482' title='bbox 1358 2229 1453 2254; x_wconf 80' lang='lat' dir='ltr'><strong>quam-</strong></span> 
     </span>
     <span class='ocr_line' id='line_1_47' title="bbox 173 2257 1452 2330; baseline -0.002 -10"><span class='ocrx_word' id='word_1_483' title='bbox 173 2259 348 2329; x_wconf 57' lang='grc' dir='ltr'><strong>Ξὲαῗῗὲῗῗ</strong></span> <span class='ocrx_word' id='word_1_484' title='bbox 357 2260 516 2329; x_wconf 57' lang='grc' dir='ltr'><strong>ἐζῖσὶῗὲιᾱ</strong></span> <span class='ocrx_word' id='word_1_485' title='bbox 532 2258 722 2330; x_wconf 45' lang='grc' dir='ltr'><strong>’(,ᾼεῗῖῑὲοἱῖξᾞ</strong></span> <span class='ocrx_word' id='word_1_486' title='bbox 735 2257 931 2327; x_wconf 49' lang='grc' dir='ltr'><strong>ῗέἓῖἷῑέἷὲῑ</strong></span> <span class='ocrx_word' id='word_1_487' title='bbox 942 2257 1070 2319; x_wconf 53' lang='grc' dir='ltr'><strong>ἪἭΨ</strong></span> <span class='ocrx_word' id='word_1_488' title='bbox 1086 2257 1452 2326; x_wconf 44' lang='grc' dir='ltr'><strong>Ξὲἕ”ἕέιῖῑξῗέ(ἳ“ἵηεὲαῗΐ</strong></span> 
     </span>
     <span class='ocr_line' id='line_1_48' title="bbox 170 2302 1454 2364; baseline -0.002 -8"><span class='ocrx_word' id='word_1_489' title='bbox 170 2333 277 2362; x_wconf 77' lang='lat' dir='ltr'><strong>puncta</strong></span> <span class='ocrx_word' id='word_1_490' title='bbox 294 2332 369 2364; x_wconf 74' lang='lat' dir='ltr'><strong>sumt)</strong></span> <span class='ocrx_word' id='word_1_491' title='bbox 398 2339 447 2358; x_wconf 87' lang='lat' dir='ltr'><strong>om.</strong></span> <span class='ocrx_word' id='word_1_492' title='bbox 468 2330 533 2356; x_wconf 83' lang='lat' dir='ltr'><strong>LII</strong></span> <span class='ocrx_word' id='word_1_493' title='bbox 558 2331 613 2364; x_wconf 78' lang='lat' dir='ltr'><strong>(secl</strong></span> <span class='ocrx_word' id='word_1_494' title='bbox 636 2332 665 2356; x_wconf 85' lang='lat' dir='ltr'><strong>et</strong></span> <span class='ocrx_word' id='word_1_495' title='bbox 683 2329 799 2364; x_wconf 80' lang='lat' dir='ltr'><strong>peronai</strong></span> <span class='ocrx_word' id='word_1_496' title='bbox 823 2330 832 2355; x_wconf 85' lang='lat' dir='ltr'><em>l</em></span> <span class='ocrx_word' id='word_1_497' title='bbox 855 2329 886 2355; x_wconf 78' lang='lat' dir='ltr'><strong>in</strong></span> <span class='ocrx_word' id='word_1_498' title='bbox 907 2337 993 2362; x_wconf 73' lang='lat' dir='ltr'><strong>mary.</strong></span> <span class='ocrx_word' id='word_1_499' title='bbox 1018 2302 1085 2355; x_wconf 57' lang='lat' dir='ltr'><strong>&#39;mele&#39;</strong></span> <span class='ocrx_word' id='word_1_500' title='bbox 1106 2329 1224 2355; x_wconf 73' lang='lat' dir='ltr'><strong>addens.-</strong></span> <span class='ocrx_word' id='word_1_501' title='bbox 1252 2327 1366 2362; x_wconf 86' lang='lat' dir='ltr'><strong>peronai</strong></span> <span class='ocrx_word' id='word_1_502' title='bbox 1391 2328 1454 2353; x_wconf 84' lang='lat' dir='ltr'><strong>sunt</strong></span> 
     </span>
     <span class='ocr_line' id='line_1_49' title="bbox 175 2363 1453 2400; baseline -0.002 -9"><span class='ocrx_word' id='word_1_503' title='bbox 175 2364 256 2399; x_wconf 79' lang='lat' dir='ltr'><strong>fores)</strong></span> <span class='ocrx_word' id='word_1_504' title='bbox 275 2367 304 2392; x_wconf 86' lang='lat' dir='ltr'><strong>et</strong></span> <span class='ocrx_word' id='word_1_505' title='bbox 322 2366 395 2393; x_wconf 79' lang='lat' dir='ltr'><strong>sores</strong></span> <span class='ocrx_word' id='word_1_506' title='bbox 413 2367 494 2400; x_wconf 75' lang='lat' dir='ltr'><strong>vulyo</strong></span> <span class='ocrx_word' id='word_1_507' title='bbox 508 2368 517 2400; x_wconf 80' lang='grc' dir='ltr'><strong>ΙΙ</strong></span> <span class='ocrx_word' id='word_1_508' title='bbox 532 2369 565 2393; x_wconf 88' lang='grc'><strong>18</strong></span> <span class='ocrx_word' id='word_1_509' title='bbox 584 2366 713 2400; x_wconf 84' lang='lat' dir='ltr'><strong>ineurua]</strong></span> <span class='ocrx_word' id='word_1_510' title='bbox 733 2365 848 2399; x_wconf 83' lang='lat' dir='ltr'><strong>obliqua.</strong></span> <span class='ocrx_word' id='word_1_511' title='bbox 862 2365 926 2390; x_wconf 85' lang='lat' dir='ltr'><strong>LII</strong></span> <span class='ocrx_word' id='word_1_512' title='bbox 942 2367 966 2390; x_wconf 76' lang='lat' dir='ltr'><strong>et</strong></span> <span class='ocrx_word' id='word_1_513' title='bbox 984 2365 1112 2391; x_wconf 77' lang='lat' dir='ltr'><strong>Isidorus</strong></span> <span class='ocrx_word' id='word_1_514' title='bbox 1125 2365 1134 2399; x_wconf 78' lang='grc' dir='ltr'><strong>ΙΙ</strong></span> <span class='ocrx_word' id='word_1_515' title='bbox 1149 2368 1180 2390; x_wconf 88' lang='grc'><strong>21</strong></span> <span class='ocrx_word' id='word_1_516' title='bbox 1202 2364 1237 2390; x_wconf 83' lang='lat' dir='ltr'><strong>ad</strong></span> <span class='ocrx_word' id='word_1_517' title='bbox 1253 2364 1276 2389; x_wconf 72' lang='grc' dir='ltr'><strong>(Ι</strong></span> <span class='ocrx_word' id='word_1_518' title='bbox 1287 2365 1296 2398; x_wconf 74' lang='grc' dir='ltr'><strong>ΙΙ</strong></span> <span class='ocrx_word' id='word_1_519' title='bbox 1311 2363 1453 2397; x_wconf 64' lang='lat' dir='ltr'><strong>sequentis</strong></span> 
     </span>
     <span class='ocr_line' id='line_1_50' title="bbox 175 2400 722 2437; baseline 0.002 -10"><span class='ocrx_word' id='word_1_520' title='bbox 175 2400 277 2428; x_wconf 82' lang='lat' dir='ltr'><strong>diuinis</strong></span> <span class='ocrx_word' id='word_1_521' title='bbox 294 2403 388 2429; x_wconf 80' lang='lat' dir='ltr'><strong>aetate</strong></span> <span class='ocrx_word' id='word_1_522' title='bbox 408 2402 431 2428; x_wconf 83' lang='lat' dir='ltr'><strong><em>G</em></strong></span> <span class='ocrx_word' id='word_1_523' title='bbox 441 2403 451 2437; x_wconf 73' lang='lat' dir='ltr'>u</span> <span class='ocrx_word' id='word_1_524' title='bbox 465 2405 498 2428; x_wconf 87' lang='grc'><strong>23</strong></span> <span class='ocrx_word' id='word_1_525' title='bbox 519 2402 678 2436; x_wconf 78' lang='lat' dir='ltr'><strong>seperatum</strong></span> <span class='ocrx_word' id='word_1_526' title='bbox 699 2401 722 2428; x_wconf 71' lang='lat' dir='ltr'><strong>(J</strong></span> 
     </span>
    </p>
   </div>
   <div class='ocr_carea' id='block_1_8' title="bbox 1468 739 1500 762">
    <p class='ocr_par' dir='ltr' id='par_1_10' title="bbox 1468 739 1500 762">
     <span class='ocr_line' id='line_1_51' title="bbox 1468 739 1500 762; baseline -0.031 0"><span class='ocrx_word' id='word_1_527' title='bbox 1468 739 1500 762; x_wconf 87' lang='lat'><strong>10</strong></span> 
     </span>
    </p>
   </div>
   <div class='ocr_carea' id='block_1_9' title="bbox 1472 1008 1502 1031">
    <p class='ocr_par' dir='ltr' id='par_1_11' title="bbox 1472 1008 1502 1031">
     <span class='ocr_line' id='line_1_52' title="bbox 1472 1008 1502 1031; baseline -0.033 0"><span class='ocrx_word' id='word_1_528' title='bbox 1472 1008 1502 1031; x_wconf 83' lang='lat'><strong>15</strong></span> 
     </span>
    </p>
   </div>
   <div class='ocr_carea' id='block_1_10' title="bbox 1469 1276 1504 1299">
    <p class='ocr_par' dir='ltr' id='par_1_12' title="bbox 1469 1276 1504 1299">
     <span class='ocr_line' id='line_1_53' title="bbox 1469 1276 1504 1299; baseline 0 0"><span class='ocrx_word' id='word_1_529' title='bbox 1469 1276 1504 1299; x_wconf 76' lang='lat'><strong>20</strong></span> 
     </span>
    </p>
   </div>
  </div>
 </body>
</html>
