1630 2684
429 126 541 156 ΟΟΜΜ.
561 129 600 155 IN
619 127 727 157 VERG.
746 128 829 156 AEN.
850 129 869 155 Ι.
891 130 1038 155 180-184.
1334 127 1374 160 73

96 222 175 255 ergo
199 214 262 253 est,
287 210 371 253 quod
394 220 505 242 omnes
529 210 654 242 faciunt
677 210 923 252 adulescentuli,
947 213 983 242 ut
1007 211 1151 242 animum
1179 210 1217 242 ad
1244 210 1375 252 aliquod

96 266 238 299 studium
262 264 454 312 adiungaut,
478 263 624 305 plerique
649 275 749 306 equos
773 264 873 305 alere,
896 265 1041 306 plerique
1066 275 1168 296 canes.
1209 266 1265 296 aut
1290 266 1376 297 certe

59 317 62 320 ’
95 319 224 362 ‘quem'
252 320 359 357 vacat,
391 319 427 348 ut
461 317 607 358 superius
636 317 775 349 diximus
804 317 884 349 istas
915 318 1100 359 frequenter
1129 329 1243 349 vacare
1277 318 1376 359 parti-

94 373 198 412 culas,
222 374 258 404 ut
280 372 350 414 ipse
371 370 539 413 Vergilius
564 371 693 402 Rhebe
718 371 794 412 diu,
819 383 877 403 res
904 371 936 402 si
960 382 1032 413 qua
1056 371 1118 402 diu
1144 372 1375 403 mortalibus

94 427 174 459 ullu
198 427 265 458 est.
310 436 404 457 nemo
430 425 515 456 8111111
534 425 613 456 dicit
637 424 680 456 ‘si
705 436 767 466 qua
790 424 884 467 ulla’,
908 425 963 457 sed
987 424 1031 456 ‘si
1055 424 1152 456 ulla':
1178 427 1270 456 vacat
1294 436 1369 466 ergo
1391 435 1405 458 5

93 479 198 523 ‘quast
243 479 322 511 item
353 479 385 510 in
415 477 540 510 Lucilio
576 480 614 510 et
645 490 751 520 quem
788 478 1030 520 Pamphilum
1062 479 1216 520 quaeris
1248 475 1376 520 ‘quem’

92 536 202 575 vacat,
224 544 300 565 nam
324 532 362 564 de
386 543 450 564 uno
474 532 675 574 loquebatur.
713 542 781 573 erqo
806 532 849 564 ‘si
871 543 958 573 quem
980 532 1095 564 videat'
1114 543 1174 572 pro
1194 531 1238 564 ‘si
1260 531 1375 564 videat'

87 588 205 629 posuit,
232 587 283 619 eui
310 586 502 618 eontrarium
526 586 681 626 ponebant
707 589 815 618 veteres
844 585 1007 624 ‘nullum',
1033 586 1065 617 id
1092 588 1135 617 est
1157 585 1202 617 ‘si
1224 597 1311 626 quem
1334 587 1376 619 vi.

90 640 180 674 disti'
208 640 346 672 ‘nullum
373 638 452 671 vidi'
475 650 536 680 pro
564 638 641 671 ‘non
668 638 756 671 vicli'.
803 650 877 671 sane
906 639 1014 680 leyitur
1042 642 1070 670 et
1092 638 1136 671 ‘si
1163 639 1250 680 qua’,
1278 642 1314 671 ut
1335 641 1378 674 sit

92 694 138 727 ‘si
159 705 222 736 qua
244 692 388 726 ratione'.
1397 702 1429 726 10

183 748 255 781 182.
288 760 436 779 pemeus
466 747 633 785 Troianas,
665 747 760 779 Troia
789 748 871 779 enim
902 749 937 779 in
968 748 1105 789 Phryyia
1130 749 1294 788 provincia
1324 753 1374 781 est.

92 805 121 834 et
141 803 205 834 veri
222 802 323 834 simile
340 804 396 840 est,
414 801 552 835 Aeneam
572 802 607 833 de
626 803 710 833 omni
728 802 796 843 ipsa
813 803 976 843 provinc-ia
996 803 1091 834 soeios
1108 802 1215 834 habere
1232 804 1376 845 potuisse.

90 857 126 888 in
143 848 272 888 secundo
293 856 375 887 enim
393 856 441 887 ait
458 856 620 895 undique
643 866 839 887 convenere
862 856 1001 888 animis
1022 856 1220 897 opibusque
1235 858 1375 896 parati.

90 910 173 942 dicta
209 911 311 941 autem
348 908 488 950 Phryyia
524 909 563 940 ab
596 909 709 949 Aesopi
744 909 813 949 filia
850 909 998 950 Phryyia.
1098 919 1238 942 BIREMIS
1275 922 1374 943 naves

91 963 249 996 habentes
282 974 444 995 remorum
479 962 626 994 ordinem
659 964 839 1005 geminum,
877 965 913 995 ut
945 964 1024 996 alibi
1060 964 1215 1007 triplici
1252 965 1373 1006 pubes
1397 971 1426 994 15

92 1028 202 1059 quam
236 1016 414 1048 Dardana
448 1027 559 1048 versu
592 1017 800 1058 inpellunt.
850 1018 976 1057 quidam
1010 1021 1111 1050 tamen
1145 1017 1300 1050 ‘biremes’
1334 1019 1377 1050 acl

90 1081 182 1103 suum
206 1073 321 1111 tempus
343 1070 450 1102 volunt
471 1071 585 1102 dimisse
610 1071 790 1111 Veryilinm,
814 1074 956 1112 neyantes
982 1072 1100 1104 Troicis
1124 1071 1308 1112 temporibus
1331 1072 1374 1103 bi-

90 1135 187 1157 remes
207 1124 312 1164 fuisse.
364 1125 463 1156 Varro
487 1125 568 1156 enim
591 1125 638 1155 ait
655 1127 726 1165 post
748 1124 866 1165 aliquot
888 1135 987 1157 annos
1011 1126 1150 1157 inventas
1173 1126 1307 1158 biremes.

183 1178 255 1210 183.
293 1188 328 1209 m
360 1187 529 1210 PVPPIBVS
561 1187 657 1209 ARMA
689 1186 780 1209 CAlcx
813 1178 888 1219 quia
918 1179 1130 1220 navigantum
1160 1179 1301 1211 militum
1325 1182 1374 1211 est

92 1231 254 1273 puppibus
274 1242 365 1264 arma
383 1231 537 1273 religare,
561 1233 597 1263 ut
617 1231 695 1263 alibi
715 1242 844 1272 pacem
870 1243 982 1263 orare
1006 1243 1129 1273 manu,
1154 1233 1373 1274 praefigere
1393 1240 1427 1262 20

91 1285 285 1327 puppibus
310 1296 424 1317 arma.
469 1285 560 1326 fiebat
582 1285 636 1317 hoe
658 1287 760 1317 autem
784 1288 811 1317 et
833 1286 915 1326 siqui
934 1286 1048 1326 qratia.
1094 1289 1150 1317 aut
1173 1285 1294 1318 ‘arma'
1314 1297 1373 1327 pro

91 1339 254 1372 navalibus
276 1339 487 1379 armamentis,
510 1341 545 1370 ut
567 1339 740 1380 eolliyere
763 1349 867 1370 arma
890 1339 1001 1377 iubet,
1025 1340 1099 1379 quia
1122 1340 1218 1372 solent
1239 1351 1331 1372 naves
1354 1351 1374 1371 a

92 1393 291 1433 velificatione
312 1393 406 1433 facile
429 1393 572 1433 coynosei.

184 1446 254 1478 184.
288 1454 421 1478 CERVOS
446 1446 532 1477 cervi
557 1445 634 1477 dicti
659 1448 734 1478 sunt
762 1443 826 1478 ἀπὸ
855 1446 923 1478 τῶν
947 1445 1110 1488 κεράτων,
1135 1448 1165 1479 1(1
1191 1450 1240 1479 est
1264 1459 1282 1479 a
1306 1459 1372 1480 eor-

164 1546 180 1569 4
199 1542 308 1578 Rhebe]
328 1543 359 1569 A.
380 1543 404 1569 X
424 1546 472 1569 861
499 1544 508 1576 Ι]
528 1546 542 1569 6
562 1542 683 1577 Lucilio]
704 1543 775 1570 falso
795 1543 881 1569 adscr.
903 1543 992 1569 XXIV
1011 1544 1135 1572 Mueller.
1155 1545 1164 1578 ΙΙ
1189 1548 1219 1571 13
1238 1545 1372 1581 undique]

95 1579 126 1605 A.
147 1578 172 1604 ΙΙ
193 1579 314 1612 7991115
334 1578 451 1612 triplici]
473 1579 504 1605 A.
525 1579 549 1605 V
571 1579 693 1612 1191120
712 1579 821 1613 pacem]
842 1579 873 1604 A.
890 1579 914 1605 X
930 1580 1034 1613 801122
1055 1580 1199 1616 colligere]
1221 1581 1252 1607 A.
1273 1581 1297 1607 V
1320 1584 1350 1607 15
1365 1583 1371 1615 ᾗ

92 1617 127 1640 24
146 1614 222 1641 cervi
241 1634 246 1639 .
263 1635 291 1642 ..
312 1614 454 1649 cornibus]
475 1622 559 1641 exscr.
580 1614 643 1641 Isid.
664 1623 702 1641 or.
723 1615 774 1641 XII
794 1618 822 1648 1,
846 1618 875 1641 18

162 1707 177 1730 3
197 1703 304 1730 dictum
328 1704 370 1730 est
394 1703 418 1730 0
438 1704 447 1737 H
470 1703 623 1737 particulas
646 1703 807 1737 stequenter
830 1712 930 1731 uacare
955 1704 1053 1731 KLH
1073 1706 1082 1739 ΙΙ
1105 1708 1121 1731 4
1144 1706 1229 1732 hrebe
1253 1707 1279 1732 B
1307 1707 1372 1733 rebe

91 1739 115 1766 0
135 1739 144 1773 ΙΙ
168 1741 183 1766 5
202 1747 284 1766 nemo
304 1739 378 1766 enim
400 1740 434 1766 C.-
453 1747 534 1766 nemo
554 1740 654 1774 reliqui
667 1740 677 1773 ΙΙ
691 1739 714 1766 si
733 1748 788 1773 qua
808 1740 866 1766 ulla
886 1741 929 1767 est
949 1741 971 1767 C
989 1741 1037 1767 sed
1056 1741 1079 1767 si
1099 1741 1157 1768 ullu
1176 1743 1300 1768 omittens
1319 1743 1373 1774 (est

91 1775 228 1808 eoepwnxit
246 1778 270 1801 et
288 1775 336 1801 sed
355 1775 379 1802 si
398 1775 457 1802 ulla
475 1783 608 1808 superser.
629 1775 674 1808 0³)
688 1776 697 1809 ΙΙ
713 1779 727 1802 6
748 1784 863 1809 ecquem
884 1777 1050 1808 Muellerus,
1069 1778 1118 1810 qui
1138 1776 1254 1803 Caecilio
1274 1778 1372 1804 tribuit
1389 1794 1394 1798 -

90 1811 155 1837 haee
172 1811 262 1837 verba.
285 1812 295 1845 ΙΙ
318 1811 484 1845 panphilum
505 1810 528 1838 G
553 1811 736 1844 pamphilium
758 1811 783 1837 L
811 1811 1004 1846 phamphilum
1029 1812 1063 1838 H
1082 1814 1091 1846 ΙΙ
1114 1813 1237 1847 quaeris]
1265 1822 1313 1839 om.
1345 1814 1373 1839 K

90 1855 117 1880 q.
129 1845 186 1872 nris
205 1846 239 1872 H
258 1847 268 1881 u
292 1850 306 1873 7
332 1854 398 1873 nam
422 1847 457 1873 de
479 1855 534 1873 11110
558 1846 736 1881 loquebatur]
762 1855 812 1873 om.
836 1847 862 1873 B
890 1855 955 1873 nam
979 1857 1049 1873 uuus
1073 1850 1133 1874 erat
1157 1849 1221 1874 (JM
1248 1849 1292 1881 (de
1317 1858 1370 1875 uno

91 1882 260 1916 loquebatur
285 1882 338 1916 0³)
361 1883 370 1916 ΙΙ
394 1885 409 1909 9
438 1883 467 1909 et
489 1882 512 1909 si
535 1891 590 1916 qua
613 1883 642 1908 et
661 1882 684 1908 si
703 1891 758 1916 qua
778 1882 869 1915 01110
889 1884 926 1909 acl
945 1891 968 1910 v.
990 1886 1040 1910 182
1060 1882 1209 1918 Phrygias]
1230 1884 1370 1912 Troianas.

91 1935 175 1962 Troia
194 1934 269 1962 enim
287 1935 317 1962 in
335 1935 460 1970 Phrygia.
478 1936 623 1970 prouincia.
638 1938 688 1963 est.
714 1936 791 1963 dicta
810 1938 904 1963 autem
924 1937 959 1963 ab
979 1937 1084 1970 Aesopi
1103 1937 1162 1963 filia
1180 1937 1304 1970 Phrygia
1322 1946 1369 1963 no-

90 1971 172 1997 mine.
212 1971 348 2006 Biremes]
368 1980 454 1998 naues
473 1972 608 1998 habentes
629 1993 633 1998 .
651 1994 656 1999 .
674 1993 678 1998 .
698 1981 780 1998 uersu
800 1972 928 2005 impellit.
952 1973 978 1998 P
999 1974 1008 2006 ss
1033 1976 1064 1998 12
1084 1972 1230 1999 uerisimili
1250 1972 1273 1999 G
1289 1974 1368 2007 (corr.

92 2006 136 2039 θ’)
159 2008 169 2040 ΙΙ
191 2006 264 2042 ipm]
284 2007 335 2033 illa
354 2007 501 2041 Scioppius
520 2016 532 2034 e
552 2008 688 2034 Fulclensi
710 2009 719 2040 ΙΙ
744 2011 775 2034 13
796 2007 949 2041 opibusque
970 2008 1016 2034 0²:
1040 2008 1138 2042 apibus
1159 2008 1182 2035 C'
1202 2010 1212 2042 Η
1238 2011 1268 2034 15
1288 2008 1368 2043 alibi]

90 2042 119 2068 in
138 2042 163 2069 V
181 2042 208 2068 B
231 2043 240 2076 ΙΙ
265 2046 296 2069 16
316 2043 456 2077 inpellunt
474 2044 548 2069 LH:
568 2044 718 2078 impellunt
736 2044 776 2075 B,
797 2052 845 2070 om.
867 2043 899 2069 K
914 2043 1036 2077 impellit
1056 2044 1174 2078 Cl’Mu
1190 2047 1221 2071 18
1241 2043 1370 2070 inuentas

91 2077 138 2104 0²:
162 2077 291 2105 inuentos
311 2078 355 2112 011
371 2082 403 2105 19
423 2079 460 2105 acl
478 2088 501 2105 υ.
526 2077 573 2105 1“83
594 2080 624 2105 In
644 2079 783 2113 puppibus
804 2088 882 2105 arma
901 2078 989 2114 Caici]
1010 2079 1076 2113 quia
1095 2080 1278 2114 nauigantum
1298 2079 1369 2106 mili-

90 2113 150 2139 tum
170 2114 214 2140 est
230 2113 260 2140 in
278 2114 418 2148 puppibus
437 2123 515 2141 arma
529 2115 662 2149 religare,
682 2115 821 2148 fiebatque
837 2114 910 2149 signi
924 2115 1023 2149 gratia.
1053 2116 1102 2142 aut
1117 2124 1195 2142 arma
1213 2138 1217 2142 .
1234 2138 1239 2143 .
1256 2137 1261 2142 .
1283 2115 1369 2144 iubet.

93 2149 121 2175 P
137 2149 147 2183 ΙΙ
165 2149 360 2184 nauigantum]
381 2153 434 2176 tres
452 2151 492 2177 vel
511 2153 641 2184 quattuor
660 2151 765 2177 litterae
789 2153 921 2177 eetremae
939 2154 1109 2178 evanuerunt
1133 2152 1163 2178 in
1182 2152 1214 2177 K
1236 2151 1369 2185 nauigan-

90 2183 160 2211 tium
179 2185 205 2211 L
226 2186 236 2219 u
259 2185 379 2211 militum
399 2194 459 2212 mos
478 2188 521 2212 est
541 2186 684 2213 LHMOs‘
702 2187 711 2220 Η
730 2189 763 2212 20
783 2186 812 2212 iu
830 2186 970 2220 puppibus
991 2187 1014 2213 Ο
1034 2188 1043 2221 ΙΙ
1066 2196 1178 2214 manum
1199 2187 1231 2214 K
1248 2188 1257 2221 ΙΙ
1280 2190 1314 2213 24
1334 2188 1370 2214 ad

90 2228 114 2246 v.
132 2223 182 2247 184
200 2221 316 2248 Nauem.
337 2220 452 2256 Ceruos]
473 2222 522 2248 alii
541 2221 638 2248 dicunt
656 2222 731 2255 quod
746 2221 822 2248 cerui
840 2231 896 2248 non
915 2222 1021 2249 suntin
1036 2231 1070 2249 oa
1085 2224 1163 2257 parte
1180 2223 1301 2254 Africae,
1321 2223 1369 2248 sed

91 2255 188 2282 fictum
207 2264 267 2283 esse
287 2256 373 2283 aiunt.
411 2257 526 2291 quidam
546 2266 643 2284 ceruos
662 2266 712 2291 pro
732 2266 907 2292 quacumque
930 2257 989 2284 fera
1009 2258 1098 2285 dictos
1118 2267 1160 2284 118(
1168 2258 1265 2292 ipiunt.
1302 2257 1368 2284 Pro—

93 2290 177 2325 spicit
195 2292 331 2327 errantes]
351 2294 498 2326 pascentes
519 2313 525 2319 .
541 2313 546 2319 .
563 2314 569 2320 .
589 2295 734 2327 uagantur.
757 2293 785 2318 P
805 2294 814 2327 ΙΙ
836 2294 967 2320 scholium
987 2295 1024 2320 acl
1042 2303 1142 2320 cfflxvos
1158 2297 1222 2327 post
1239 2294 1368 2320 scholium

92 2326 129 2352 ad
147 2336 278 2354 nunnus
296 2328 395 2354 habent
407 2328 539 2355 BKLH
544 2329 580 2355 M
591 2330 601 2363 ΙΙ
615 2330 721 2363 aputon
740 2330 853 2356 ceraton
873 2329 905 2355 K
920 2338 975 2356 3,ηο
995 2339 1049 2355 rus
1064 2338 1180 2355 xemrax
1202 2329 1225 2355 0
1241 2330 1368 2363 (κειηιτοκ

94 2360 136 2394 0⁸)
156 2370 210 2389 ano
230 2372 282 2389 ror
301 2372 419 2390 sermon
437 2364 463 2390 L
481 2373 537 2391 3.πο
557 2373 609 2391 'rou
627 2373 746 2391 κετΛι-ΛΝ
766 2365 818 2399 ΗΙΙ
831 2365 860 2391 id
879 2366 923 2391 est
941 2374 958 2392 a
977 2365 1105 2391 cornibus
1122 2373 1173 2392 om.
1194 2364 1218 2391 0
1234 2365 1308 2399 (add.
1324 2364 1367 2397 0³)
