1722 2670
525 148 639 176 COMM.
658 149 699 176 IN
717 149 825 177 VERG.
846 149 928 178 AEN.
948 150 1162 178 11.·658—681.‘
1409 151 1473 183 317

281 231 354 263 670.
391 243 539 267 Ννηρνᾼη
556 241 616 272 pro
639 241 716 273 non,
738 233 774 263 ut
795 242 994 272 numquam
1016 232 1122 264 hodie
1145 233 1313 274 effuyies.

279 285 353 317 672.
390 297 578 317 msmueau
597 285 820 316 cunctationem
843 286 973 317 ostendit
994 276 1048 318 hob
1070 286 1156 317 verbo
1175 286 1254 325 eius,
1277 287 1331 327 qui
1353 297 1407 318 nec
1429 287 1475 318 ire

188 339 232 370 ad
241 338 404 379 'proelium
425 338 509 379 velit,
531 348 585 370 nec
607 338 731 370 domum
753 339 931 379 relinquere.
978 340 1072 371 sicet
1095 339 1250 379 ‘ferebam'
1274 340 1364 371 dixit.

278 392 352 424 674.
390 404 478 424 nrm
496 391 607 423 melius
630 390 750 432 ‘patri'‚
774 402 869 433 quam
893 391 1006 424 ‘millii
1094 401 1283 424 TENDEBAT
1308 393 1473 435 offerebat,

189 445 245 477 sed
268 445 419 478 manibus
443 456 516 477 eum
540 449 683 487 gestans.
1493 454 1508 477 5

278 499 352 531 675.
390 507 420 531 SI
437 507 630 531 PERITVRVS
650 507 728 531 ABIS
749 501 976 541 argumentum
995 499 1162 540 dilemma,
1181 499 1213 530 id
1231 501 1281 531 est
1296 499 1474 541 conplexio,

189 563 271 594 quae
294 551 516 584 adversarium
541 552 582 584 ab
606 554 745 594 utraque
769 555 862 594 parte
886 553 1058 585 concludit.

277 605 350 638 676.
388 618 540 638 memrvs
565 606 694 646 quidam
715 607 922 647 participium
944 607 1118 647 praeteritiv
1136 607 1279 647 temporis
1305 608 1382 647 [sed]
1412 607 1474 648 vim

180 658 354 698 praesentis
376 658 493 690 habere·
507 659 625 701 volunt,
649 660 724 700 quia
740 670 889 700 praesens
912 660 1020 700 deficit.

276 711 350 743 677.
389 725 505 744 rrum
524 725 629 745 nomm
650 712 706 744 hoc
727 715 772 744 est
793 713 843 744 cui
866 713 1017 752 defensori
1039 714 1259 755 relinquimur,
1286 714 1315 746 si
1338 716 1371 745 tu
1394 715 1473 746 dese-
1493 721 1526 744 10

186 764 255 796 ris?
326 763 384 797 6v1
403 774 538 797 PAvas
558 774 660 798 lvnvs
685 766 920 808 interrogantis
945 769 1003 798 est.
1041 768 1074 798 et
1098 767 1196 798 simul
1220 767 1366 808 epitheto
1391 778 1474 799 com-

186 818 319 850 mendat
343 820 492 851 aetatem.

276 871 351 903 678.
389 880 545 904 comvnx
575 880 749 910 QVONDAM
780 872 976 914 ‘quondam'
1007 874 1064 905 aut
1095 873 1270 915 aliquando
1301 874 1474 916 significat,

187 925 282 967 quasi
311 936 396 957 nune
425 936 506 956 uxor
536 936 601 956 non
633 926 677 957 sit
708 937 790 967 quae
820 926 1028 968 relinquitur.¹
1071 929 1128 958 aut
1159 929 1244 959 certe
1275 926 1473 969 ‘quondam’

187 977 338 1020 ‘semper'
362 978 539 1020 signifieat,
569 981 606 1010 ut
629 979 662 1009 in
687 979 848 1020 georgicis
872 979 943 1020 <III
966 980 1030 1021 99>
1057 982 1098 1011 ut
1127 980 1317 1022 quondam
1340 981 1378 1012 in
1402 981 1472 1012 sti·
1494 987 1525 1010 15

186 1031 292 1072 pulis
311 1042 471 1073 magnus
492 1031 574 1062 sine
594 1031 746 1063 viribus
771 1032 887 1073 ignis,
912 1034 944 1064 et
960 1034 1022 1074 est,
1047 1044 1144 1074 quam
1160 1045 1288 1075 semper
1303 1034 1472 1075 coniugem

186 1084 375 1116 nominasti.
413 1084 528 1116 haberi
547 1084 632 1116 enim
657 1085 790 1126 quaevis
814 1087 957 1127 poterat,
980 1086 1142 1118 nominari
1165 1098 1232 1119 non
1254 1087 1319 1118 nisi
1341 1087 1473 1119 nobilis.

186 1140 216 1169 et
237 1138 309 1170 bene
333 1139 383 1178 [ex
405 1139 498 1170 ductu
522 1138 709 1178 litterarum]
735 1139 816 1178 quod
837 1142 1014 1171 eventurum
1043 1140 1138 1178 timet,
1169 1141 1260 1180 quasi
1287 1141 1353 1172 iam
1380 1141 1472 1173 eonti-

183 1191 276 1232 9erit,
299 1191 403 1232 defle&
427 1201 458 1223 se
475 1194 579 1222 autem
597 1191 663 1223 ideo
676 1191 824 1222 *ultimam
845 1192 934 1234 facit,
958 1193 1039 1233 quod
1056 1193 1125 1233 ipsa
1145 1193 1287 1233 loquitur.
1320 1194 1473 1226 diversam

186 1247 289 1276 autem
311 1246 441 1276 aetatem
458 1245 564 1285 pueri,
592 1244 675 1276 senis
703 1246 731 1276 et
754 1245 890 1285 feminae
913 1246 956 1278 ad
977 1246 1204 1284 miserationem
1228 1248 1473 1279 commovendam
1491 1253 1525 1276 20

186 1298 309 1330 videtur
331 1298 452 1329 obicere.
1060 1290 1062 1292 ,

276 1351 351 1384 680.
388 1364 523 1384 svmmvm
536 1362 597 1392 pro
621 1351 751 1384 ‘subitoz
788 1353 965 1384 adverbium
988 1355 1033 1385 est
1051 1353 1194 1394 temporis
1212 1354 1377 1386 secundum
1399 1356 1473 1386 vete-

186 1415 242 1437 res.
334 1418 439 1438 omma
462 1405 606 1437 oriuntur
628 1405 749 1447 divina,
772 1408 808 1437 ut
828 1405 901 1438 Sol:
929 1407 995 1438 ideo
1018 1409 1047 1438 et
1068 1406 1341 1447 †quia‘dicuntur
1364 1408 1471 1439 oritur.

277 1458 350 1490 681.
388 1466 505 1490 MAst
534 1467 642 1490 INTER
675 1459 814 1490 mutavit
849 1461 1016 1491 accentum
1047 1460 1248 1501 praepositio
1278 1461 1472 1501 postposita.

187 1521 264 1543 sane
288 1509 396 1542 ‘inter'
419 1510 608 1552 plerumque
631 1522 691 1552 pro
717 1511 798 1552 ‘per'
822 1512 967 1553 ponitur,
992 1513 1047 1544 sed
1071 1524 1145 1545 raro
1171 1513 1255 1555 apud
1279 1513 1472 1555 Vergilium,
1491 1520 1524 1543 25

187 1566 225 1596 ut
243 1563 328 1605 <VII
343 1564 406 1604 30>
431 1564 528 1596 hune
548 1564 652 1596 inter
670 1564 794 1596 fluvio
814 1565 1023 1598 Tiberinus
1048 1577 1216 1598 amoeno.
1254 1567 1340 1598 bona
1363 1569 1473 1599 autem

261 1654 274 1678 1
294 1660 447 1686 numquam
466 1660 517 1686 pro
537 1652 605 1686 non]
626 1651 660 1678 cf.
680 1652 750 1679 Don.
770 1652 807 1679 ad
826 1653 895 1680 Ter.-
908 1653 993 1680 Andr.
1013 1654 1039 1680 II
1058 1656 1083 1687 4,
1104 1657 1127 1680 7.
1157 1662 1218 1681 eun.
1238 1654 1263 1680 II
1283 1657 1308 1687 3,
1323 1657 1356 1681 98
1370 1655 1380 1688 ΙΙ
1393 1663 1472 1680 1111111-

187 1687 284 1722 quam]
305 1687 366 1714 buc.
386 1687 425 1713 111
444 1690 478 1714 49

259 1770 275 1794 4
294 1768 332 1794 ad
349 1775 374 1793 v
394 1770 446 1794 674
465 1767 622 1802 Tendebat]
643 1766 784 1795 offerebat.
807 1767 835 1793 P
854 1769 863 1802 ΙΙ
887 1771 902 1794 5
922 1769 971 1795 sed
990 1768 1118 1795 manibus
1137 1769 1180 1795 H.-
1200 1769 1249 1795 sed
1268 1777 1323 1795 non
1342 1769 1471 1795 manibus

187 1802 342 1829 LMEC*.
363 1803 397 1835 cf.
417 1803 491 1829 Serv.
512 1803 549 1829 ad
567 1811 592 1829 v.
607 1804 656 1828 681
673 1804 683 1835 ΙΙ
697 1806 713 1829 6
732 1804 863 1837 argutum
883 1804 927 1838 01}
941 1804 1045 1831 dilema
1064 1804 1129 1830 ,ΕΗ
1142 1804 1257 1839 delima
1278 1804 1361 1830 MEl
1375 1805 1384 1838 Ι]
1398 1807 1414 1830 8
1434 1805 1471 1830 ad

186 1846 212 1866 v.
232 1841 283 1865 676
303 1837 343 1864 Ex
345 1838 452 1872 pertus]
473 1838 588 1872 quidam
606 1837 788 1872 participium
809 1861 814 1866 ,
835 1861 840 1865 .
888 1839 989 1866 deficit
1011 1840 1038 1865 P
1054 1840 1064 1874 ΙΙ
1084 1840 1267 1874 praeteritum
1286 1841 1397 1874 tempus
1418 1839 1446 1865 P

188 1874 231 1901 set
250 1874 278 1900 P
298 1875 308 1907 u
337 1876 369 1899 10
390 1874 428 1900 ad
445 1882 469 1901 v.
490 1877 541 1900 677
562 1875 665 1900 Tutare
685 1873 810 1908 domum]
838 1861 891 1901 hoe
910 1876 953 1901 est
972 1875 1015 1901 cui
1036 1875 1175 1902 defensori
1194 1875 1368 1909 (defensoris)
1387 1874 1470 1901 relin-

188 1909 316 1943 quimur?
337 1909 365 1935 P
385 1910 395 1943 ΙΙ
420 1912 450 1935 11
472 1909 679 1943 epitheton—
636 1909 680 1935 est
698 1909 732 1935 H
750 1910 760 1944 ΙΙ
785 1913 816 1936 13
836 1911 874 1936 ad
891 1919 915 1937 v.
935 1913 986 1937 678
1011 1910 1136 1937 Coniunx
1155 1910 1308 1950 quondam]
1329 1910 1469 1944 quondam

216 1965 222 1971 .
242 1965 248 1970 .
267 1953 337 1971 uxor
359 1953 415 1971 non
438 1944 482 1971 sit
520 1946 570 1971 aut
592 1945 734 1979 quondam
754 1945 894 1979 (condam)
914 1954 1023 1980 semper
1046 1946 1199 1979 signifieat,
1222 1947 1255 1972 ut
1278 1955 1308 1972 111
1331 1946 1470 1980 georgicis

188 1981 237 2014 (gy
239 1980 310 2013 or)‘
318 1980 458 2014 quondam
478 1980 645 2013 (condam).
692 2000 698 2006 .
719 1981 866 2015 coniugem
885 1981 1044 2008 nominasti.
1066 1981 1094 2007 P
1111 1982 1122 2015 ΙΙ
1147 1984 1178 2008 15
1198 1981 1227 2008 in
1244 1984 1306 2015 post
1328 1981 1469 2015 quondam

188 2023 238 2043 om.
253 1989 338 2049 Lqu}
353 2019 385 2042 16
405 2016 434 2042 et
453 2016 496 2042 est
510 2016 618 2042 HME
624 2017 678 2042 Pl:
696 2017 818 2043 aetatem
833 2017 859 2042 L
887 2018 916 2043 et
933 2018 976 2043 est
995 2025 1091 2043 sensus
1107 2016 1131 2043 Ο
1146 2019 1171 2044 et
1185 2017 1336 2043 Fabricius
1349 2017 1359 2051 ΙΙ
1374 2020 1405 2043 17
1421 2025 1469 2050 po-

188 2051 292 2086 terassst
314 2051 340 2076 L
367 2051 498 2085 poterant
517 2052 554 2077 M
575 2053 584 2086 ΙΙ
607 2051 715 2078 nobiles
735 2052 772 2077 M
793 2052 802 2086 {l
831 2054 864 2079 18
884 2061 917 2079 ex
936 2052 1022 2079 ductu
1040 2052 1199 2079 litterarum
1222 2053 1325 2079 seclusi.
1362 2053 1470 2079 videtur

189 2087 260 2113 enim
275 2086 422 2120 Scioppius
434 2087 591 2121 siqnilicare
604 2087 732 2119 voluisse,
752 2088 780 2113 et
799 2087 870 2114 bene
889 2095 945 2114 non
963 2088 1031 2114 satis
1050 2096 1184 2122 apparere
1202 2088 1233 2114 in
1249 2088 1345 2115 codice.
1361 2088 1417 2122 1122
1433 2088 1470 2114 ad

188 2130 213 2148 υ.
233 2124 285 2148 680
305 2121 446 2157 Subitam]
467 2130 518 2156 pro
538 2122 630 2149 subito
651 2144 656 2149 .
674 2143 679 2148 .
696 2143 702 2149 .
722 2123 838 2149 ueteres.
861 2122 888 2148 P
899 2124 909 2157 ΙΙ
927 2123 1061 2157 temporis
1080 2123 1118 2149 P:
1137 2123 1242 2150 ordinis
1262 2123 1285 2149 Ο
1296 2124 1305 2157 ΙΙ
1324 2126 1357 2150 23
1377 2125 1409 2149 ut
1428 2123 1470 2150 sol

189 2156 253 2184 ideo
273 2157 466 2184 Commelinus:
485 2159 517 2184 ut
531 2158 584 2184 soli
599 2158 651 2184 deo
669 2157 692 2184 0
703 2159 712 2190 [1
726 2158 775 2184 et
768 2158 855 2192 lgnis‚
875 2158 941 2192 quia
955 2158 994 2185 dii
1009 2158 1141 2192 fundunt,
1159 2159 1246 2186 oritur
1260 2159 1295 2185 F.
1311 2159 1468 2185 Schoellius.

189 2193 305 2225 fortasse
323 2194 352 2219 et
369 2193 499 2234 prodigia
518 2193 648 2220 dicuntur
667 2193 732 2220 oriri
750 2194 760 2227 ΙΙ
783 2196 817 2220 24
836 2168 892 2220 adq
891 2203 916 2220 v.
936 2196 986 2220 681
1010 2194 1110 2221 Manus
1128 2180 1214 2230 inter]
1234 2194 1355 2221 mutavit
1373 2203 1469 2220 accen-

189 2229 250 2254 tum
268 2228 439 2263 praepositio
458 2229 624 2263 postposita.
654 2229 821 2269 Monstrum]
841 2238 859 2256 a
876 2229 1070 2264 monstrando,
1089 2230 1119 2256 id
1138 2231 1182 2257 est
1199 2230 1338 2256 monendo
1358 2229 1469 2262 dicitur,

190 2264 220 2290 et
240 2263 361 2291 refertur
379 2264 415 2290 ad
433 2273 564 2305 praesens
588 2264 755 2298 significatio
775 2264 833 2291 eius
853 2251 1116 2299 (significationem).
1153 2265 1314 2300 prodigium
1333 2273 1399 2291 uero
1418 2265 1470 2296 est,

190 2298 264 2332 quod
283 2299 383 2333 (que)
399 2320 405 2326 .
421 2321 427 2326 .
446 2299 687 2334 significationem.
710 2299 737 2325 P
754 2300 763 2333 ΙΙ
781 2300 939 2334 postposita
956 2300 1128 2335 praepositio
1149 2301 1186 2327 M
1202 2302 1212 2335 ΙΙ
1230 2303 1263 2327 25
1283 2309 1333 2335 pro
1352 2309 1402 2334 per
1420 2308 1469 2334 p-o

189 2333 266 2360 nitur
287 2334 439 2361 LHME:
466 2344 552 2370 praep
534 2335 648 2369 ponitur
672 2335 700 2361 C.
725 2336 770 2368 (cf.
790 2335 938 2370 Scioppius
960 2339 1073 2370 suspect.
1098 2337 1154 2364 lect
1179 2337 1264 2369 1115)
1293 2335 1470 2370 postponitur

190 2369 332 2396 Leidensis
349 2369 522 2404 Burmanni,
542 2370 578 2398 F.
593 2370 743 2397 Schoellius
761 2371 793 2397 de
812 2379 866 2398 aec.
887 2371 903 2398 l.
924 2371 940 2398 l.
960 2380 987 2405 p.
1009 2374 1058 2398 185
1077 2372 1087 2406 1}
1105 2375 1139 2398 26
1159 2371 1273 2398 fluuium
1296 2371 1345 2397 Ml
