1630 2684
0 2469 20 2490 5⁴5
0 2292 21 2463 stmssmfi

448 193 562 222 COMM.
580 193 620 221 IN
639 192 746 221 VERG.
765 192 849 222 AEN.
869 194 902 221 ΙΙ.
923 197 1071 223 213—227.
1332 194 1396 228 255

120 288 204 319 aqua
233 267 346 319 cui-rit,
376 288 396 308 a.
424 275 585 308 diluendo.
631 277 683 308 est
710 277 818 308 autem
847 276 1060 318 synecdoche,
1089 277 1151 309 hoc
1179 279 1229 310 est
1259 289 1278 309 a
1305 279 1397 319 parte

119 332 233 363 totum.
289 330 389 363 Varro
416 332 519 361 autem
546 340 650 362 rerum
676 330 856 362 divinarum
889 330 965 362 libro
994 330 1123 369 †XIX.
1151 331 1310 363 delubrum
1337 342 1399 363 esse

119 384 195 416 dicit
214 385 272 415 aut
291 383 345 415 ubi
360 383 461 424 plura
478 383 612 415 numina
629 383 685 415 sub
707 394 769 415 uno
789 385 861 415 tecto
881 385 968 424 sunt,
991 385 1027 414 ut
1044 383 1245 424 Capitolium,
1269 387 1326 416 aut
1346 384 1400 416 ubi

113 439 237 478 praeter
263 437 367 468 aedem
394 447 469 468 area
495 437 539 469 sit
564 438 730 478 adsumpta
757 437 846 468 deum
874 446 981 477 causa,
1009 438 1045 467 ut
1070 437 1105 468 in
1132 437 1211 469 circo
1233 438 1400 470 Flaminio

118 489 189 522 Iovi
206 489 339 529 Statori,
362 493 419 522 aut
440 491 475 522 in
497 501 556 531 quo
576 491 636 522 loco
660 490 709 522 dei
731 490 870 530 dicatum·
886 490 928 521 sit
945 489 1162 529 simulacrum,
1184 493 1220 522 ut
1239 490 1345 533 (sicut)
1366 492 1399 522 in

120 553 179 584 quo
200 543 303 584 fiqunt
324 544 497 583 candelam,
525 544 742 576 candelabrum
765 544 933 585 appellant,
956 544 1001 575 sic
1022 543 1057 575 in
1080 554 1139 584 quo
1161 544 1251 576 deum
1267 547 1400 586 ponunt,

118 596 278 628 delubrum
300 597 413 629 auant.
450 608 519 639 erqo
548 597 598 630 hic
620 608 690 630 cum
709 598 784 630 dicit
806 597 949 630 ‘delubra
967 598 1150 629 adsumma
1172 597 1344 638 dracones'‚
1367 601 1403 630 ut

83 684 86 687 ,
118 653 194 683 esset
215 650 461 690 manifestatum,
484 651 638 683 subtexuit
659 651 709 683 dei
735 651 954 690 simulacrum;
982 652 1095 684 adiecit
1115 652 1198 683 enim
1222 651 1401 692 ‘saevaeque

114 706 228 744 petunt
260 703 433 736 Tritonidis
467 703 595 746 arcem'‚
626 714 680 736 nee
705 704 917 745 praetermisit
950 704 1027 745 quin
1056 705 1105 736 dei
1135 714 1246 736 nomen
1280 705 1403 736 adderet

119 757 222 790 dicens
245 756 316 790 ‘sub
332 757 521 798 pedibusque
537 758 610 790 deae
628 758 774 798 clipeique
791 757 847 789 sub
865 757 934 789 orbe
953 757 1121 799 tequntur’,
1143 768 1181 790 ne
1198 758 1265 790 sinc
1282 758 1402 789 ratione

118 810 238 843 delubri
259 821 370 843 nomen
387 811 527 843 intulisse
549 812 708 843 videretur.
741 810 908 843 Masurius
926 810 1063 843 Sabinus
1085 811 1289 850 delubrum,
1313 811 1401 851 effi-

116 865 208 905 qies,
230 874 252 895 a
274 864 524 896 delibrationc
545 865 715 902 corticis;
743 875 828 895 nam
855 865 1006 905 antiqui
1031 865 1201 905 felicium
1228 865 1402 896 arborum

119 927 242 949 ramos
269 918 404 949 cortice
430 918 592 950 detracto
625 918 665 949 in
693 918 846 1003 egiqies
873 918 1021 950 deorum
1048 918 1276 959 formabant,
1310 919 1403 950 unde

121 970 257 1003 Graeci
279 968 424 1009 ξόανον
447 971 584 1003 dicunt.
629 971 688 1003 alii
747 971 870 1003 lubrum
893 972 999 1003 dicunt
1022 972 1167 1012 templum
1195 972 1234 1003 ab
1261 982 1295 1003 eo
1323 973 1405 1013 quod

120 1024 201 1056 nulli
222 1024 362 1056 iunctum
384 1025 523 1064 aedificio
541 1025 656 1065 pluvia
678 1024 827 1057 diluatur.

210 1077 284 1109 226.
321 1086 455 1109 SAEVAE
480 1077 590 1116 fortis,
620 1079 676 1109 aut
699 1078 835 1110 nobilis:
863 1080 919 1110 aut
940 1079 983 1110 ad
1005 1080 1121 1119 tempus
1143 1078 1294 1119 epitheton
1317 1080 1403 1124 addi-

121 1133 200 1173 tum,
222 1133 279 1162 aut
299 1141 391 1163 saeva
413 1131 495 1163 cirea
520 1131 680 1163 Troianos.

210 1185 285 1216 227.
322 1193 386 1217 SVB
415 1193 636 1223 PEDIBVSQVE
664 1193 759 1216 DEAE
789 1184 915 1217 scilicet
943 1185 1076 1217 maioris
1110 1185 1288 1227 simulacri,
1317 1186 1403 1228 quod

122 1249 141 1269 a
170 1238 296 1269 cunctis
326 1238 574 1280 videtum-nam
604 1238 690 1280 quod
722 1238 840 1270 colitur
872 1240 904 1270 et
933 1238 1029 1270 breve
1058 1240 1108 1270 est
1137 1240 1170 1270 et
1196 1239 1291 1280 latet,
1320 1239 1405 1271 sieut

123 1291 306 1323 Palladium
333 1291 449 1324 fuerat.
495 1302 558 1324 non
585 1302 655 1333 erqo
678 1285 867 1324 contrarium
889 1294 933 1324 est
954 1292 1035 1332 quod
1056 1295 1128 1332 post
1148 1295 1273 1333 raptum
1296 1292 1403 1324 Palla-

123 1345 211 1377 dium
233 1345 341 1377 intulit
364 1344 476 1377 ‘cleae'.
514 1356 589 1377 sane
612 1344 666 1377 hoe
689 1346 751 1377 loco
776 1344 862 1377 ‘sub'
880 1345 1073 1385 particulam
1095 1346 1224 1378 secundo
1246 1346 1402 1386 repetendo

123 1399 245 1439 utrique
267 1399 354 1430 casui
376 1399 497 1430 iunxit:
520 1399 692 1431 accusativo
698 1423 706 1438 ,
730 1409 798 1430 cum
815 1399 943 1439 proprie
960 1399 1157 1440 siqnificuvit‚
1180 1401 1216 1430 ut
1233 1400 1274 1431 sit
1297 1398 1404 1440 ‘prope

118 1452 210 1492 pedes
231 1451 337 1489 deae'‚·
361 1454 390 1483 et
412 1451 483 1484 ‘sub
506 1451 600 1491 σφω’,
622 1445 769 1493 ablativo,
792 1452 827 1483 id
847 1454 892 1483 est
913 1452 1002 1492 infra
1020 1452 1133 1493 orbem,
1155 1455 1191 1484 ut
1211 1463 1317 1493 saepe
1339 1452 1403 1484 sub

123 1505 275 1537 inmotis
292 1505 541 1546 praesepibus.
629 1514 816 1543 CLIPEIQVE
842 1513 905 1537 svn
931 1513 1022 1537 ORBE
1046 1507 1083 1537 ut
1105 1506 1248 1537 maxima
1270 1517 1345 1547 pars
1369 1506 1404 1537 in

124 1558 246 1600 spiram
273 1558 411 1590 collecta
439 1561 514 1590 ante
543 1558 641 1600 pedes
671 1559 722 1590 sit.
774 1558 860 1590 colla
888 1570 964 1590 vero
995 1570 1068 1590 cum
1097 1559 1257 1600 capitibus
1287 1560 1403 1591 erectis
1443 1566 1456 1588 5

123 1613 207 1653 post*
223 1612 376 1654 clipeum,
400 1611 432 1643 id
456 1614 506 1644 est
529 1611 615 1644 inter
638 1613 765 1643 scutum
791 1613 824 1644 et
847 1611 1057 1644 simulacrum
1081 1612 1159 1645 deae
1182 1613 1344 1644 latebant:
1369 1616 1405 1644 ut

125 1667 175 1697 est
198 1665 231 1697 in
254 1665 377 1707 templo
402 1665 492 1697 urbis
516 1665 648 1697 Romae.

196 1792 230 1816 23
250 1788 338 1824 Saepe
358 1789 423 1825 sub]
442 1798 536 1824 georg.
557 1788 596 1815 III
615 1791 666 1815 416

199 1909 212 1932 1
232 1905 348 1938 fortasse
366 1904 504 1931 deluendo
527 1904 537 1938 ΙΙ
560 1908 575 1931 2
600 1904 690 1931 Varro
709 1925 715 1930 .
731 1926 737 1931 .
754 1925 759 1931 .
779 1903 877 1938 pluuia
895 1904 1019 1931 diluatur
1036 1905 1068 1930 in
1086 1913 1171 1938 marq.
1191 1905 1302 1938 exempl.
1321 1904 1404 1932 Basi-

129 1940 225 1967 leensis
242 1941 352 1974 scripsit
371 1939 475 1967 Daniel
497 1941 506 1974 ΙΙ
529 1940 576 1966 lib.
596 1940 685 1966 XXIX
706 1939 810 1966 Daniel
833 1940 881 1966 lib.
902 1943 942 1966 19.
967 1940 1115 1974 Scioppius
1137 1940 1185 1967 lib.
1204 1940 1310 1967 XXVII
1329 1941 1405 1967 Com—

125 1977 241 2003 melinus
270 1977 425 2003 Masvieius
450 1976 632 2002 Burmannus
657 1976 738 2002 Lion.
783 1975 871 2002 Van-0
900 1975 971 2001 libro
999 1977 1099 2002 octauo
1127 1984 1219 2002 rerum
1247 1975 1404 2003 diuinarum

128 2012 298 2038 Macrobius.
331 2020 391 2038 cum
414 2014 488 2038 sexto
512 2019 602 2038 rerum
625 2012 785 2038 divinarum
808 2011 878 2037 libro
901 2011 966 2037 haec
988 2011 1070 2037 verba
1093 2012 1239 2038 tribuenda
1263 2020 1316 2038 esse
1338 2015 1406 2039 ‘recte

125 2048 253 2074 statuisse
279 2048 406 2074 videatur
429 2047 580 2073 Merkelius
603 2048 719 2081 (proleq.
742 2047 780 2073 ad
805 2046 852 2073 Ov.
872 2047 936 2079 fast.
958 2055 986 2080 p.
1009 2048 1082 2079 123),
1106 2047 1138 2073 in
1165 2055 1194 2073 eo
1222 2047 1306 2080 libro,
1330 2056 1406 2081 quem

126 2085 151 2109 et
171 2083 334 2109 Macrobius
356 2085 381 2109 et
403 2083 447 2109 hic
470 2083 625 2109 scholiastes
647 2082 804 2116 exscripsit,
826 2082 912 2115 fuisse
935 2082 1037 2108 conieci
1062 2081 1070 2094 ‘
1084 2082 1172 2109 Varro
1196 2083 1266 2110 libro
1291 2083 1409 2109 XXXI

127 2118 337 2152 antiquitatum,
360 2119 408 2152 qui
431 2120 469 2144 est
498 2118 543 2144 VI
565 2126 656 2145 rerum
679 2117 865 2150 divinarum’,
888 2118 961 2144 unde
986 2118 1148 2144 Macrobius
1171 2118 1305 2145 dederit‘
1318 2118 1407 2145 Varro

127 2154 197 2180 libro
210 2156 284 2180 seoeto
298 2162 388 2180 rerum
403 2153 584 2186 divinarum’,
598 2153 788 2180 scholiastes‘
798 2153 848 2179 Vm
849 2162 886 2179 ro
902 2162 991 2179 rerum
1008 2153 1168 2180 divinarum
1182 2154 1253 2180 libro
1269 2153 1406 2180 XXXL’

128 2189 162 2221 cf.
181 2192 294 2223 q.uaestt
313 2189 387 2216 Serv.
403 2198 433 2223 p.
454 2192 487 2215 25
513 2192 538 2215 et
558 2174 589 2216 O’.
609 2189 688 2222 Grup
690 2190 754 2222 pius
778 2189 810 2215 de
834 2188 914 2215 Varr.
935 2189 1063 2222 antiquit.
1088 2197 1140 2215 rer.
1160 2189 1231 2216 hum
1251 2190 1335 2223 rel.p

129 2228 144 2250 5
162 2224 223 2251 Ioui
241 2225 328 2251 sutori
346 2224 451 2251 Daniel
472 2225 481 2258 ΙΙ
505 2224 577 2251 sicut
595 2198 708 2251 addidip
730 2225 763 2257 cf.
786 2224 949 2251 Macrobius
970 2225 1018 2258 1Ιὸ
1038 2225 1146 2258 ponunt
1163 2224 1281 2251 Daniel:
1300 2198 1407 2259 ponant

131 2259 154 2285 C
177 2261 187 2294 ΙΙ
215 2264 246 2287 11
271 2260 408 2287 Masurius
434 2260 539 2287 Daniel
564 2260 716 2287 Massurius
745 2260 768 2286 0
792 2261 802 2293 ΙΙ
827 2262 858 2286 15
884 2260 999 2292 fortasse
1027 2260 1156 2286 deluatur
1178 2261 1188 2294 ss
1218 2263 1249 2287 19
1273 2269 1290 2286 a
1300 2234 1408 2286 pcuntis

129 2295 214 2330 LHfl
233 2296 308 2329 quod
326 2304 343 2322 a.
361 2296 452 2322 cuntis
471 2296 573 2322 colitur
591 2295 617 2322 L
637 2296 647 2330 ΙΙ
670 2299 703 2322 22
722 2295 846 2330 proprie]
865 2304 916 2329 pro
936 2295 1092 2322 Masvicius
1110 2304 1197 2329 prope
1215 2296 1407 2322 Bwrmannus.

126 2350 190 2382 post
207 2348 319 2382 proprie
338 2357 394 2376 non
411 2350 492 2376 nulla
510 2349 679 2375 intercidisse
698 2348 832 2375 videntur.
847 2348 904 2382 {125
924 2348 1000 2382 spira
1018 2349 1051 2374 H
1066 2350 1075 2383 ΙΙ
1093 2349 1209 2381 fortasse
1232 2349 1297 2375 ante
1322 2348 1407 2382 pedes

130 2384 179 2416 sit,
203 2384 277 2411 oolla
299 2393 364 2411 vero
388 2404 394 2410 .
415 2405 422 2411 .
442 2405 447 2411 .
471 2385 579 2411 lateant
600 2385 610 2418 ΙΙ
634 2387 667 2411 26
691 2384 723 2410 ut
746 2384 790 2410 est
812 2383 840 2410 in
863 2384 970 2418 templo
993 2384 1068 2411 urbis
1092 2384 1197 2410 Romae
1221 2385 1315 2411 dubito
1341 2392 1407 2410 uum

130 2419 221 2446 Servii
237 2420 302 2446 sint.

184 2468 258 2488 Servii
272 2474 352 2489 comm.
366 2469 429 2489 ¹l'om.
443 2469 462 2488 1.
476 2469 542 2490 Fue.
557 2469 574 2490 Ι.
1163 2466 1194 2491 17

1422 765 1454 788 10

1423 1032 1455 1054 15

1423 1299 1456 1321 ‘20
