1630 2684
431 141 544 169 COMM.
564 142 604 168 IN
623 140 730 168 VERG.
751 141 834 168 AEN.
855 142 873 168 I.
894 145 1042 169 348-361.
1313 143 1375 174 123

184 223 258 255 356.
294 231 452 256 NVDAVIT
471 222 639 254 indicavit:
663 222 747 254 unde
767 225 879 255 contra
898 223 930 255 in
952 226 1042 256 sexto
1062 224 1219 256 habemus
1239 226 1276 256 et
1295 225 1375 257 vul-

93 287 188 308 nera
211 276 296 308 dira
319 277 529 318 tegentem,
552 276 614 308 hoe
637 278 687 308 est
711 276 878 308 celantem.
925 277 1002 318 quid
1027 277 1113 309 enim
1137 280 1264 319 tegeret
1286 278 1375 310 undi-

95 341 157 372 que
181 329 371 361 truncatus?
453 338 608 360 RETEXIT
628 339 699 361 eece
717 328 770 360 hic
788 329 918 370 planius
939 329 1014 370 quid
1034 330 1077 361 sit
1092 329 1248 362 ‘nudavit'
1269 332 1374 362 osten-

95 383 151 416 dit.
233 395 406 418 σΑΕσνΜρνΕ
423 396 521 415 Donvs
539 395 606 415 scm
614 395 648 415 rs
667 396 746 415 OMNE
763 396 890 415 Rern-nr
910 385 1016 414 utrum
1039 384 1082 415 ad
1096 384 1299 424 praeteritum
1322 383 1376 415 hoc

94 437 240 478 refertur,
263 446 306 467 an
327 438 368 468 ‘ut'
385 436 568 477 quibusdam
592 437 724 477 videtur,
747 437 828 476 quod
849 436 951 476 ipsam
970 436 1124 468 Didonem
1143 437 1279 478 parabat
1301 438 1374 468 occi—

94 489 185 523 dere?
208 500 283 521 nam
306 489 371 521 idco
395 492 424 521 et
443 490 554 530 fuglam
576 490 704 521 suadere
726 490 809 521 visus
832 491 882 521 est.

183 542 256 575 357.
295 551 474 574 CELERARE
499 551 617 574 rvGAM
642 542 789 574 celeriter
813 542 917 584 abire,
940 545 976 574 ut
999 543 1135 575 dicimus
1161 543 1305 576 ‘cursum
1330 555 1376 576 ce-

95 595 188 629 lero'.
279 604 416 628 SVADET
441 596 614 627 seeundum
638 597 790 627 naturam
814 595 895 627 duae
919 597 994 627 sunt
1018 596 1178 638 syllabae,
1201 597 1257 629 sed
1280 597 1376 629 multi

94 649 302 692 trisyllabum
325 651 450 691 putant.
498 649 583 691 quod
608 649 707 681 etiam
733 649 759 680 si
783 648 979 690 inveniatur,
1008 650 1129 682 solutio
1157 650 1290 682 dicenda
1318 652 1376 691 est,

95 714 159 745 quo
187 703 284 735 modo
313 703 449 734 dicimus
477 713 558 734 aena
586 704 619 734 et
650 705 739 734 aena.
785 702 847 734 hoe
869 703 977 734 autem
1002 703 1107 734 solum
1131 703 1264 735 huiusce
1288 703 1375 735 modi

96 756 230 789 verbum
254 756 288 788 in
311 756 428 788 Latino
452 756 624 787 invenitur.

183 809 256 842 358.
294 822 442 842 ammom
464 809 507 841 ad
533 809 707 849 opinionem
733 809 834 841 somni
861 809 1012 841 recludere
1038 810 1168 851 videtur,
1198 812 1233 842 ut
1259 812 1376 841 aeter-

94 873 252 904 numque
274 862 398 903 adytis
421 863 534 903 effert
553 862 810 903 penetralibus
832 863 958 903 iynem.

184 915 258 948 359.
296 925 497 948 THESAVROS
517 916 578 947 hoe
601 926 719 947 nomen
743 914 787 947 en'
811 926 876 946 non
899 915 1013 957 habet,
1037 916 1122 948 sicut
1140 916 1248 958 Atlas,
1273 917 1376 959 gigas,

95 969 216 1011 Thoas,
235 968 339 1011 Abas,
362 969 488 1011 Pallas,
512 969 589 1000 licet
613 969 647 1000 in
670 969 812 1010 obliquis
838 969 966 1001 casibus
991 969 1189 1012 inveniatur3
1214 970 1297 1002 sicut
1319 981 1379 1002 nee

95 1023 271 1064 formosus,
300 1023 376 1065 quia
405 1023 586 1055 derivatum
616 1024 666 1054 est
695 1033 714 1054 a
743 1022 860 1064 forma,
889 1024 925 1054 ut
953 1034 972 1054 a
996 1024 1100 1064 speeie
1130 1023 1308 1065 speciosus,
1337 1024 1377 1055 ab

95 1075 171 1108 odio
199 1075 345 1117 odiosus,
374 1087 393 1107 a
416 1085 534 1117 genere
563 1085 753 1117 generosus,
782 1076 822 1107 ab
851 1076 970 1107 scelere
1000 1077 1187 1109 scelerosus.
1278 1085 1377 1109 IGNO—

96 1138 167 1161 'rvu
190 1138 344 1162 Altonum
367 1137 506 1161 Ponnvs
531 1138 576 1160 ET
600 1138 685 1160 Avm
709 1131 766 1161 aut
789 1129 874 1171 quod
898 1130 1074 1171 ignorabat
1092 1130 1189 1172 Dido,
1214 1133 1270 1163 aut
1293 1133 1379 1163 certe

96 1183 136 1215 ad
159 1182 418 1225 magnitudinem
441 1182 596 1224 pertinet,
626 1182 659 1214 id
688 1184 738 1214 est
760 1184 889 1215 tantum
913 1185 1069 1224 quantum
1092 1184 1201 1216 nullus
1226 1195 1378 1226 umquam

96 1236 197 1269 novit.

186 1289 261 1322 360.
297 1298 354 1322 HIS
380 1298 550 1322 COMMOTA
576 1301 674 1331 supra
698 1290 792 1322 dictis
818 1290 976 1322 omnibus.

186 1343 260 1376 361.
297 1352 422 1382 Qvlssvs
453 1352 522 1375 AVT
552 1352 665 1375 ODIVM
694 1351 854 1375 CRVDELE
879 1352 1033 1375 TYRANN}
1057 1352 1126 1375 Av'r
1151 1353 1266 1376 METVS
1291 1353 1379 1377 ACER

97 1405 186 1429 ERAT
210 1396 346 1429 oderant
369 1397 463 1438 laesi,
492 1396 680 1428 metuebant
708 1396 869 1438 laedendi,
897 1397 960 1429 hoe
983 1398 1032 1428 est
1056 1397 1110 1438 qui
1138 1397 1311 1439 timebant,
1339 1409 1379 1429 ne

97 1450 312 1483 laederentur:
341 1450 424 1482 unde
449 1451 499 1482 est
522 1450 603 1481 illud
627 1450 661 1481 in
685 1452 801 1491 quarto
832 1452 869 1481 et
897 1461 991 1491 quos
1016 1449 1177 1482 Sidonia
1201 1451 1263 1482 vix
1286 1451 1379 1482 urbe

169 1559 183 1583 1
202 1556 233 1582 in
251 1556 342 1590 sexto]
364 1558 416 1583 498
437 1555 481 1582 ‘ae
501 1555 563 1582 dira.
581 1556 724 1590 tegentem
744 1554 892 1589 supplicia’
909 1556 919 1589 ΙΙ
934 1558 966 1581 12
982 1555 1193 1590 aeternumque]
1214 1556 1244 1582 A.
1264 1556 1287 1581 Ιῐ
1304 1559 1355 1583 297
1370 1556 1379 1590 Η

97 1594 132 1619 24
150 1591 179 1618 in
199 1591 311 1626 quarto]
331 1593 383 1618 545

169 1693 183 1716 1
204 1690 241 1716 ad
259 1698 283 1715 v.
303 1692 354 1716 356
373 1689 511 1724 Nudauit]
531 1689 674 1716 indicauit.
712 1689 786 1715 unde
805 1690 920 1716 econtra
941 1689 981 1715 ‘et
999 1689 1116 1716 uulnera
1135 1689 1196 1716 dira
1214 1690 1379 1724 tegentem’,

1397 710 1428 733 10

1399 976 1431 999 15

1398 1242 1431 1266 20

98 1725 151 1752 hoc
176 1726 220 1752 est
242 1725 388 1752 celantem.
426 1725 551 1760 Retexit]
576 1733 639 1751 ecee
660 1726 711 1758 (ee)
730 1724 775 1751 hie
795 1725 913 1751 nudauit
931 1725 998 1759 quid
1018 1725 1055 1751 sit
1074 1725 1205 1751 ostendit.
1228 1725 1254 1750 P
1275 1726 1285 1759 ΙΙ
1308 1725 1379 1752 unde
1410 1745 1415 1750 .

126 1781 132 1787 .
152 1780 158 1787 .
179 1759 302 1787 ostendit
319 1768 368 1786 om.
388 1761 415 1786 B
429 1762 438 1795 ΙΙ
452 1761 551 1787 contra.
569 1761 634 1786 LH
658 1761 772 1786 econtra.
793 1760 816 1787 0
842 1761 871 1786 et
889 1762 986 1787 contra
1005 1761 1042 1786 M
1053 1761 1063 1794 fl
1082 1763 1098 1786 4
1117 1769 1274 1790 cAncvnQvss
1293 1771 1379 1787 noxvs

99 1806 193 1823 acnvs
212 1805 282 1822 oum:
301 1806 413 1822 nernxir
434 1804 498 1823 ecee
517 1796 563 1822 hie
583 1817 589 1823 .
606 1816 611 1821 .
629 1817 634 1823 .
654 1796 784 1822 ostendit.
814 1797 843 1822 et
861 1797 954 1822 utrum
969 1804 988 1823 e.
1004 1805 1028 1829 q.
1042 1804 1062 1823 s.
1080 1796 1103 1822 0
1113 1796 1123 1830 ΙΙ
1137 1799 1152 1822 5
1172 1797 1286 1828 fortasse
1305 1796 1380 1829 quod

98 1831 264 1866 Pygmalion
279 1832 288 1865 ΙΙ
302 1831 422 1865 parabat
437 1831 472 1858 G.-
491 1831 611 1866 putabat
629 1832 749 1857 enotavit
764 1831 911 1864 Scioppius
924 1833 933 1865 ΙΙ
948 1831 1085 1866 occidere]
1106 1831 1241 1857 incertum
1262 1832 1324 1858 add.
1337 1831 1379 1858 0².

100 1866 148 1893 sed
166 1866 304 1893 incertum
323 1869 435 1893 testatus
454 1870 492 1893 est
511 1867 658 1900 Scioppius
680 1868 690 1900 ΙΙ
718 1870 733 1893 6
752 1866 816 1892 ideo
840 1868 868 1892 et
890 1867 1003 1899 scripsi:
1026 1867 1055 1892 et
1079 1867 1142 1892 ideo
1167 1867 1196 1893 et
1220 1866 1243 1893 0
1269 1868 1298 1892 et
1316 1866 1379 1893 ideo

99 1903 218 1929 enotavit
237 1902 383 1935 Scioppius
401 1903 410 1936 Ι]
429 1902 574 1938 suasssdere
596 1902 618 1928 O
636 1903 675 1935 (m
693 1902 800 1928 videtur
818 1902 913 1934 fuisse)
931 1903 940 1935 ΙΙ
963 1905 976 1928 7
997 1902 1034 1928 ad
1052 1910 1076 1928 v.
1097 1905 1146 1928 357
1168 1902 1239 1927 Tum
1259 1902 1379 1928 celerare

100 1937 212 1971 (celare)
227 1937 336 1972 fugam]
357 1937 484 1964 celeriter
503 1937 588 1964 abire.
619 1937 737 1972 Suadet]
756 1937 907 1964 seeundum
926 1938 1054 1964 naturam
1070 1957 1075 1962 .
1092 1958 1097 1964 .
1114 1957 1120 1963 .
1135 1936 1254 1964 dicenda
1269 1938 1318 1964 est.
1332 1937 1360 1963 P
1371 1938 1381 1971 Η

100 1982 199 2000 cumn
218 1972 241 2000 Ο
263 1975 408 2006 (catenans
428 1973 462 2000 0²
490 1983 543 1999 rvm
563 1982 695 1999 censum:
716 1972 759 2006 0³)
774 1974 783 2006 ΙΙ
797 1981 908 1999 cursum
927 1973 1018 1999 celera
1038 1972 1081 2006 011
1101 1975 1133 1999 10
1152 1981 1207 2006 quo
1225 1973 1309 1999 modo
1330 1993 1335 1999 .
1351 1994 1356 2000 .
1373 1995 1379 2000 .

99 2008 239 2035 invenitur
257 2016 306 2035 om.
322 2009 349 2035 B
367 2009 377 2043 ΙΙ
398 2017 469 2035 aena
488 2010 517 2035 et
536 2009 618 2043 aena]
645 2016 715 2035 aena
730 2007 752 2034 C
773 2009 889 2040 fortasse
907 2011 988 2040 recte,
1010 2011 1041 2034 ut
1059 2009 1095 2034 sit
1114 2009 1185 2034 aena
1203 2009 1243 2042 (et
1261 2016 1331 2035 aena
1350 2009 1381 2034 in

99 2052 184 2106 m
200 2043 1379 2114 Ζῗὲἁὶοέιῗῗῖἵῖἷῖἒὲξ“ἕὲἓιιῇιῑῆθὶῖιθὲἴὰζᾶ(ξέιῖηῗῗῧῒιῗῖ)ΐΐέἒῖἕζὲἕῤ.

101 2114 151 2141 dit.
172 2115 200 2141 P
219 2115 229 2148 ΙΙ
252 2116 451 2149 aeternamque
471 2116 494 2142 C
515 2116 524 2149 ΙΙ
553 2118 586 2141 14
605 2115 642 2141 ad
660 2123 684 2140 v.
704 2117 756 2140 359
775 2115 905 2148 Ignotum
928 2114 1037 2149 argenti
1060 2114 1167 2148 pondus
1187 2115 1216 2141 et
1234 2115 1306 2149 auri]
1332 2116 1381 2141 aut

101 2149 175 2183 quod
195 2169 200 2176 .
221 2171 226 2176 .
248 2170 253 2176 .
272 2151 360 2177 nouit.
382 2150 410 2176 P
426 2152 436 2184 ss
456 2159 474 2177 n
494 2159 548 2177 non
567 2150 654 2177 habet
672 2150 744 2176 Lm:
763 2158 819 2176 non
838 2149 924 2176 habet
943 2159 961 2176 n
979 2149 1048 2176 1302
1075 2158 1130 2176 non
1149 2150 1236 2176 habet
1255 2149 1355 2176 CHM

105 2187 136 2212 15
154 2185 248 2212 Panas
267 2193 317 2212 om.
339 2185 363 2213 C'
379 2186 389 2220 ΙΙ
414 2189 446 2213 16
465 2185 532 2220 quia
551 2186 707 2213 derivatum
726 2186 770 2211 est
788 2193 837 2212 om.
856 2185 884 2211 B
903 2186 912 2220 ΙΙ
930 2185 996 2219 quia
1014 2185 1169 2212 deriuatum
1190 2186 1222 2211 ut
1240 2185 1380 2219 speciosus

103 2228 250 2254 generosus
275 2221 427 2248 scelerosus
447 2222 470 2248 C
494 2223 521 2254 (a
539 2221 629 2248 forma
648 2222 711 2247 add.
733 2220 775 2254 0³)
798 2221 808 2255 ΙΙ
830 2221 866 2247 ab
886 2220 978 2254 speeie
997 2221 1071 2247 HM
1091 2222 1101 2254 ΙΙ
1130 2224 1161 2247 17
1182 2221 1217 2247 ab
1237 2221 1299 2247 odio
1321 2241 1326 2246 .
1347 2241 1352 2246 .
1374 2241 1379 2246 .

103 2256 253 2283 scelerosus
272 2264 322 2283 om.
342 2257 369 2283 B
398 2257 433 2284 ab
454 2257 515 2284 ocio
534 2257 646 2284 adiosus
665 2265 714 2283 om.
732 2257 767 2282 M
780 2257 790 2290 11
803 2257 849 2283 uel
868 2265 885 2283 a
903 2264 1004 2290 genere
1024 2256 1050 2282 L
1076 2256 1155 2283 uelut
1173 2265 1190 2283 a
1208 2264 1309 2290 genere
1329 2256 1376 2292 Hk

104 2292 153 2318 aut
169 2291 206 2318 ab
224 2292 328 2318 scelere
347 2293 409 2318 LH
422 2294 431 2327 ΙΙ
447 2295 479 2319 18
498 2293 548 2320 aut
566 2292 653 2326 certe]
672 2292 719 2318 uel
740 2291 767 2317 P
779 2293 788 2326 ΙΙ
804 2295 836 2318 19
855 2291 885 2318 id
904 2293 946 2319 est
964 2300 1013 2319 om.
1033 2292 1060 2318 P
1072 2293 1081 2325 ΙΙ
1094 2293 1127 2318 ut
1146 2292 1237 2318 nullus
1255 2290 1379 2317 nououit.

105 2325 150 2361 Pu
163 2329 197 2353 20
215 2327 294 2354 novit
325 2336 407 2355 nosse
426 2336 507 2363 posse
526 2328 620 2369 potuit
638 2328 665 2354 B
687 2329 697 2362 ΙΙ
720 2330 752 2354 21
773 2328 810 2354 ad
828 2336 852 2354 v.
872 2330 924 2354 360
943 2327 993 2354 His
1013 2327 1163 2362 commota]
1190 2327 1219 2353 id
1238 2327 1279 2354 est
1298 2334 1380 2363 supra

105 2360 194 2390 dictis.
214 2363 242 2389 P
254 2362 286 2397 ui
325 2364 368 2390 est
387 2363 553 2399 supradictis
571 2364 599 2390 B
626 2363 656 2390 id
675 2364 719 2390 est
735 2362 885 2398 perterrita
902 2362 1070 2397 supradietis
1089 2363 1161 2389 Lien
