1630 2684
654 191 869 219 PRAEFATIO.
1364 191 1389 219 V

198 273 459 308 Floriaoensis
491 273 650 315 Danielis,
687 284 772 305 nunc
804 273 1014 304 Bernensis
1054 273 1117 304 172
1150 272 1215 316 (F)
1253 273 1387 305 membr.

47 328 50 330 ’
100 330 230 362 'saeculi
247 327 325 361 noni
342 327 395 359 vel
413 326 528 358 decimi
547 326 702 364 ineuntis,
722 326 868 358 continet
889 325 1029 367 Vergilii
1048 326 1209 368 bucolica,
1228 327 1389 369 georgica,

110 371 271 419 Aeneidos
288 381 344 413 lib.
358 379 451 413 I—V
466 379 538 412 852.
569 379 609 411 ad
628 379 769 421 primum
783 381 817 410 et
831 379 1005 411 secundum
1019 379 1140 411 librum
1154 380 1246 412 nulla
1265 380 1389 412 scholia

112 436 274 478 adscripta
296 436 386 473 sunt,
415 433 455 465 ad
477 433 616 479 tertium⁴
634 423 784 475 quartum
809 432 958 475 quintum
982 432 1085 464 Servii
1110 435 1293 465 commenta
1316 445 1390 466 cum

111 482 242 524 scholiis
271 499 290 520 a
312 487 449 519 Daniele
478 486 583 519 editis.
624 488 753 528 praesto
777 486 858 518 mihi
885 486 1015 517 fuerunt
1043 497 1124 528 quae
1148 486 1389 519 Hei-mannus

46 541 52 548 ‘
93 540 291 589 affingimus
323 552 362 573 ex
394 541 456 573 hoc
489 540 597 572 codice
629 540 663 571 in
697 550 790 571 suum
820 550 925 571 usum-
943 539 1120 580 exscripsit.
1170 540 1240 581 ipse
1268 540 1388 572 librum

11 620 13 622 -
59 588 233 632 afficiens&
255 594 380 627 Bernae
405 605 489 627 anno
516 593 610 626 1876.

137 679 140 682 ,
195 647 404 680 Ber-nensis
430 648 503 688 167,
523 645 584 689 (G)
608 647 748 678 fortasse
768 646 1045 678 Autisiodorensis
1069 646 1231 687 Danielis,
1255 647 1389 678 membr.

108 701 228 733 saeculi
251 701 290 742 X,
314 701 459 733 continet
481 700 621 743 Vergilii
649 700 796 731 bucolica
819 699 972 741 georgica
996 699 1157 732 Aeneidos
1186 700 1240 732 lib.
1264 699 1390 731 I—XII

42 753 51 765 “
109 754 183 786 771.
219 754 317 796 primi
336 757 369 786 et
388 749 520 787 secundi
539 754 616 786 libri
635 754 798 796 margines
822 764 983 795 perpauca
1008 753 1133 785 scholia
1157 753 1291 794 habent,
1315 753 1389 784 inde

108 818 128 839 a
146 808 245 840 tertio
264 808 348 840 libro
368 819 406 840 ea
426 807 588 849 adscripta
607 808 683 839 sunt
702 818 784 849 quae
803 807 838 838 in
857 806 998 838 sinistris
1018 805 1273 838 Floriacensium
1293 817 1390 837 mem-

108 861 281 904 branarum
311 861 512 903 marginibus
545 862 680 892 exstant.
727 860 814 892 hunc
842 859 985 891 codicem
1017 870 1089 891 cum
1123 870 1161 890 ex
1188 858 1390 890 Floriacensi

107 914 159 946 vel
182 925 221 946 ex
244 914 313 947 eius
337 914 511 956 archetypo
536 914 733 955 exscriptum
759 924 829 945 esse
853 912 1011 951 viderem,
1038 905 1104 944 11011
1125 913 1232 944 10111111
1257 912 1389 953 001111111,

109 967 166 999 sed
187 967 221 999 in
243 968 322 1000 locis
347 968 476 1010 gravius
500 967 659 1008 corruptis
682 967 817 1008 inspexi.

87 1028 103 1042 ‘
196 1020 432 1052 Turonensis
443 1018 511 1062 (T),
521 1031 606 1052 nunc
617 1019 825 1051 Bernensis
839 1019 911 1060 165,
926 1019 1070 1051 continet
1078 1018 1226 1050 bucolica
1236 1019 1389 1061 georgica

107 1073 270 1106 Aeneidos
297 1073 422 1118 I—XII
446 1073 511 1105 918
541 1073 669 1104 saeculo
697 1083 783 1104 nono
813 1072 942 1113 scripta.
979 1073 1012 1103 et
1042 1073 1151 1112 supra'
1164 1082 1275 1103 versus
1300 1072 1333 1102 et
1355 1071 1390 1102 in

108 1126 311 1168 marginibus
332 1138 351 1158 a
369 1126 468 1158 variis
487 1125 652 1167 manib‘us,
675 1136 809 1167 quarum
828 1124 920 1156 nulla
939 1124 1062 1156 decimo
1082 1124 1209 1156 saeculo
1230 1125 1389 1156 recentior

108 1179 249 1221 videtur,
273 1179 397 1211 scholia
416 1180 579 1221 adscripta
597 1181 680 1211 sunt.
718 1188 800 1220 quae
819 1178 859 1209 ad
878 1178 1020 1219 primum
1039 1179 1071 1209 01
1086 1179 1260 1210 secundum
1275 1178 1390 1210 Aenei-

109 1232 167 1265 dos
185 1233 305 1265 librum
325 1235 474 1275 spectant
498 1233 650 1274 pleraque
670 1232 792 1264 Tiberii
815 1231 938 1263 Donati
962 1233 1046 1263 sunt.
1084 1243 1103 1263 a
1125 1231 1223 1263 tertio
1247 1232 1332 1263 libro
1352 1243 1389 1263 ea

107 1297 222 1318 manus
242 1297 323 1328 quae
342 1286 514 1318 tironianis
538 1286 625 1317 notis
646 1285 774 1327 saepius
798 1296 858 1317 usa
881 1287 931 1316 est
955 1296 993 1317 ex
1019 1284 1123 1316 Servii
1147 1285 1389 1316 commentariis

108 1332 174 1372 11011
203 1339 294 1371 nulla
322 1341 379 1371 aut
407 1340 573 1371 contracta
602 1341 658 1370 aut
686 1338 824 1371 dilatata
848 1338 1011 1380 adpinxit,
1034 1338 1176 1379 reliquae
1200 1349 1217 1369 e
1240 1337 1388 1369 Danielis

109 1391 240 1424 scholiis
263 1392 366 1424 multa
390 1392 632 1436 adscripserunt
655 1403 755 1434 eaque
777 1394 834 1424 aut
856 1392 986 1433 integra
1009 1392 1066 1422 aut
1089 1402 1161 1422 cum
1184 1390 1306 1422 Tiberii
1325 1389 1388 1422 Do—

108 1445 179 1478 nati
202 1445 334 1478 scholiis
359 1446 541 1488 coniuncta;
565 1457 639 1477 nam
659 1445 815 1477 Serviana
833 1445 897 1477 nisi
920 1444 1090 1486 perpaucis
1110 1444 1190 1476 locis
1210 1455 1275 1476 11011
1299 1454 1387 1475 cura-

91 1490 236 1531 ’1701-11111.
272 1499 392 1531 001111111
416 1499 502 1531 1111110
525 1499 667 1531 codicem
691 1499 816 1530 Bernae
841 1509 925 1530 anno
952 1498 1046 1530 1876.

199 1551 479 1584 Ambrosianus
499 1551 530 1584 S.
545 1553 587 1584 83
607 1554 689 1594 part.
710 1564 778 1593 sup.
799 1552 986 1584 chartaceus
1007 1551 1127 1583 saeculi
1142 1550 1221 1582 XVI
1245 1550 1390 1583 continet

110 1603 273 1646 ‘excerpta
306 1616 323 1637 e
356 1604 459 1637 Servii
493 1605 618 1637 schedis
651 1605 802 1638 ineditis?
846 1616 884 1636 ex
911 1604 1060 1636 Danielis
1094 1604 1258 1636 codicibus
1290 1603 1388 1635 homo

111 1657 226 1690 doctus
254 1659 282 1690 si
310 1658 386 1700 quid
413 1658 498 1690 inter
526 1658 721 1700 scriptorum
749 1658 839 1690 locos
864 1669 883 1689 a
907 1657 1218 1689 commentatoribus
1241 1656 1389 1688 laudatos

109 1712 143 1743 et
170 1711 294 1743 scholia
321 1711 531 1743 memorabile
559 1711 666 1743 visum
695 1713 766 1743 erat
794 1711 964 1752 exscripsit
992 1712 1024 1742 et
1051 1711 1174 1752 passim
1198 1710 1388 1742 emendavit.

99 1765 233 1797 -001111111
256 1764 376 1808 librum
400 1775 484 1796 anno
512 1765 605 1797 1857.

197 1817 236 1850 In
268 1817 398 1850 scholiis
430 1829 449 1849 a
475 1817 612 1849 Daniele
646 1820 786 1859 primum
820 1818 914 1850 editis
946 1819 1089 1859 integras
1124 1816 1198 1848 dedi
1230 1816 1388 1848 librorum

108 1871 293 1912 scripturas.
331 1871 389 1902 ubi·
414 1871 669 1911 transpositione
696 1879 772 1903 usus
802 1883 873 1903 sum
901 1872 973 1912 ipsa
1001 1871 1100 1902 verba
1123 1869 1323 1911 transposita
1347 1869 1387 1900 ab

107 1916 201 1956 initio
221 1926 253 1955 et
271 1924 306 1955 in
325 1923 386 1955 fine
402 1923 558 1955 asterisco
579 1923 714 1965 signavi,
734 1935 829 1966 quem
848 1924 1021 1956 verborum
1040 1923 1184 1954 ordinem
1204 1922 1279 1954 libri
1298 1932 1389 1963 prae-

108 1976 223 2009 berent
240 1977 273 2008 in
293 1975 503 2008 adnotatione
522 1975 676 2008 indicans.
711 1977 745 2007 in
765 1978 916 2008 contextu
936 1987 1017 2017 quae
1037 1987 1053 2007 e
1074 1975 1258 2007 coniectura
1278 1974 1389 2006 addita

109 2031 185 2062 sunt
202 2029 362 2070 rotundis,
386 2041 467 2071 quae
487 2030 656 2061 abicienda
677 2030 870 2061 videbantur
887 2028 1060 2071 'quadratis
1085 2028 1174 2060 uncis
1197 2028 1388 2059 includenda

109 2082 228 2114 curavi.
264 2083 350 2114 idem
378 2083 506 2125 signum
530 2083 693 2114 lemmatis
718 2094 737 2114 a
760 2093 811 2114 me
836 2082 993 2124 suppletis
1018 2082 1163 2123 adposui.
1201 2082 1289 2113 locos
1313 2081 1388 2113 scri-

18 2173 31 2182 4
56 2137 66 2177 '⁶
109 2136 238 2177 ptorum
253 2147 272 2167 a
287 2135 399 2168 Servio
414 2136 590 2178 ceterisque
606 2136 792 2168 scholiastis
808 2135 1013 2167 laudatorum
1027 2135 1062 2167 in
1076 2135 1220 2177 margine
1235 2134 1388 2166 inferiore

109 2187 262 2230 indicavi,
290 2189 355 2220 nisi
382 2189 467 2231 quod
491 2201 510 2221 a
532 2189 616 2222 libro
649 2189 788 2221 secundo
812 2200 962 2221 versuum
986 2199 1025 2220 ex
1048 2187 1190 2220 Aeneide
1215 2188 1387 2220 citatorum

109 2241 234 2274 numeri
261 2242 295 2272 in
322 2241 392 2283 ipso
421 2243 574 2274 contextu
604 2242 705 2274 additi
729 2243 812 2274 sunt.
854 2242 888 2273 in
917 2242 1029 2274 eadem
1053 2241 1271 2273 adnotationis
1295 2242 1388 2282 parte

85 2296 97 2304 ⁸
111 2295 359 2327 commemoravi
381 2306 461 2336 quae
485 2295 570 2337 apud
595 2295 675 2327 alios
700 2295 873 2336 scriptores
893 2294 1058 2327 Servianis
1083 2294 1202 2326 similia
1225 2293 1346 2325 inveni:
1371 2304 1387 2325 e

115 2346 229 2388 quibus
252 2359 356 2389 pauca
378 2350 546 2380 auctorum
570 2350 658 2389 sunt,
683 2348 786 2380 multo
810 2349 903 2390 plura
927 2348 1139 2379 imitatorum.

198 2399 249 2431 Ex
276 2400 442 2441 impressis
471 2401 707 2442 exemplaribus
736 2401 815 2433 haec
847 2401 992 2433 adhibui:
1021 2399 1156 2432 Roberti
1181 2398 1335 2439 Stephani
1361 2410 1388 2429 a.
