1630 2684
0 893 11 925 ἓ.

0 944 5 964 ἐ,

0 977 9 1001 ῑ-

0 1002 9 1041 ,Ι

0 1043 8 1067 5

0 1504 13 1577 mv
0 1276 13 1500 '“sswwaz‘szww
0 1256 10 1272 ἱ·
0 1198 37 1249 ”yffi
0 1174 8 1193 rm
0 1141 2 1148 ·’
0 1116 7 1135 ¹1*
0 1092 5 1111 *W
0 1073 11 1086 r

21 1235 28 1238 v

0 1752 26 2027 &mammem-&sQO
9 1701 10 1706 „
12 1655 13 1658 „

434 156 546 184 COMM.
567 157 607 184 IN
625 157 733 184 VERG.
753 158 837 186 AEN.
858 159 876 186 Ι.
898 163 1046 188 270—273.
1319 162 1380 194 101

188 240 261 271 273.
298 247 413 271 GENTE
438 246 501 270 SVB
525 247 713 271 HECTOREA
737 239 770 270 id
795 241 846 271 est
869 240 1018 273 Troiana.
1064 243 1119 274 sed
1143 243 1254 275 debuit
1277 243 1381 275 dicere

99 291 258 324 ‘Aeneia'.
304 291 444 323 diximus
468 291 618 333 superius
641 292 774 323 nomina
798 294 914 333 poetas
939 305 976 325 ex
1000 295 1106 327 vicino
1131 307 1296 338 usurpare.
1331 298 1384 329 sed

97 346 225 387 quidam
247 344 481 386 reprehendunt,
504 345 586 385 quod
610 344 791 377 ‘Hectorea’
815 348 844 377 et
864 356 927 378 non
952 346 1108 380 ‘Aeneia’.
1136 359 1201 381 mos
1223 352 1267 381 est
1285 351 1383 390 poetis

98 400 226 431 nomina
247 409 284 430 ex
305 398 416 430 vicinis
439 408 603 439 usurpare,
631 399 707 438 qnia
734 399 913 431 coniunctas
938 410 1045 440 yenere
1068 401 1196 433 Hectori
1219 403 1382 442 Ascanius,

96 455 133 485 ut
152 454 197 484 est
217 454 250 483 et
270 453 381 492 pater
403 451 562 492 Aeneas,
591 453 624 483 et
651 452 859 484 avunculus
885 454 1024 485 eoecitat
1046 455 1191 486 Hector.
1236 456 1294 487 alii
1318 458 1381 487 tra·
1401 464 1416 486 5

95 506 184 544 dunt,
209 515 279 537 cam
301 504 444 537 Hectoris
469 505 631 546 proyenies
658 505 748 536 nulla
770 506 805 537 in
827 506 925 538 Italia
952 507 1062 550 fuerit,
1091 509 1156 540 idco
1181 508 1251 541 ‘snb
1275 510 1383 541 Hecto-

96 557 166 590 rea'
183 558 335 598 positum,
358 560 394 589 nt
415 558 604 599 significaret
625 558 680 590 sub
701 558 791 598 forti,
818 562 854 590 nt
880 560 914 591 in
941 561 1047 600 quinto
1076 562 1252 594 Hectorei
1280 563 1381 595 socii.

94 612 148 644 sed
168 621 206 643 ex
232 611 306 643 aliis
334 611 423 643 rebus
450 612 517 643 alia
544 613 599 644 dat
625 612 768 653 nomina,
795 615 831 644 ut
851 613 924 653 pios
952 616 1114 647 Aeneadas
1142 616 1321 657 appellavit,
1348 619 1383 648 ab

95 665 217 697 timidos
240 665 397 714 ΡῘινῃραξ,
425 668 461 697 ut
486 665 600 697 nobiles
622 665 843 707 Dardanidas,
871 669 907 698 ut
929 668 1071 707 periuros
1094 669 1379 701 Laomedontiadas.

93 720 223 750 oetemm
245 719 299 750 nbi
319 729 424 766 veram
447 719 596 760 oriyinem
615 719 772 760 significat
792 720 921 752 domns
935 720 1120 753 Assaraci
1137 723 1241 762 ponit,
1265 733 1301 754 ex
1323 734 1381 763 quo
1402 730 1434 753 10

93 771 208 814 Capys,
244 782 282 803 ex
317 771 403 813 Capy
434 772 598 811 Anchises,
636 783 672 804 ex
704 772 839 804 Anchise
870 773 1000 805 Aeneas.
1098 783 1217 807 DONEC
1251 784 1379 807 REGmA

94 834 274 858 SACERDOS
298 825 436 857 historia
459 825 521 857 hoc
545 825 653 857 habet.
689 825 841 857 Amulius
866 830 899 857 et
921 826 1076 859 Numitor
1098 827 1217 860 fratres
1241 827 1381 861 fuerunt.

94 879 243 911 Amulius
267 878 404 911 fratrem
428 879 565 920 imperio
589 879 716 920 pepulit
740 881 773 910 et
796 879 900 911 filium
925 880 994 911 eius
1014 881 1156 923 necavit,
1179 882 1280 913 filiam
1304 893 1380 915 vero

94 932 191 965 Iliam
215 932 336 964 Vestae
360 932 562 964 sacerdotem
586 931 677 973 fecit,
701 933 738 964 ut
762 943 853 973 spem
883 933 1007 965 subolis
1021 935 1191 978 auferret,
1216 947 1235 966 a
1259 947 1322 977 qua
1346 948 1380 968 se

91 986 199 1028 puniri
227 996 325 1027 posse
354 985 575 1027 cognoverat?
611 986 694 1018 hanc
725 988 761 1017 ut
791 986 887 1018 multi
919 986 1028 1018 dicunt
1056 987 1144 1019 Mars
1178 990 1378 1031 compressit,
1399 995 1430 1018 15

92 1039 175 1072 unde
198 1039 269 1071 nati
296 1042 373 1071 sunt
398 1040 517 1072 Remus
549 1042 581 1071 et
604 1039 741 1081 Romus,
771 1051 852 1081 quos
881 1051 953 1071 cum
982 1042 1087 1072 matre
1111 1041 1261 1073 Amulius
1290 1054 1379 1084 prae-

92 1092 221 1135 cipitari
244 1092 341 1125 iussit
363 1093 398 1124 in
423 1093 577 1125 Tiberim.
623 1095 693 1125 tum
718 1095 754 1125 ut
778 1093 908 1135 quidam
934 1094 1044 1125 dicunt
1068 1094 1163 1126 Iliam
1188 1095 1251 1127 sibi
1275 1096 1380 1128 Anien

91 1147 170 1196 fecit
192 1157 338 1187 uxorem,
367 1148 403 1178 ut
432 1147 488 1178 alii
518 1147 604 1179 inter
632 1158 713 1188 quos
737 1146 910 1188 Horatius,
933 1147 1074 1179 Tiberis:
1104 1148 1188 1180 unde
1217 1149 1264 1180 ait
1291 1160 1380 1181 uxo-

39 1230 42 1231 γ
95 1201 176 1233 rius
210 1199 343 1232 amnis.
388 1200 481 1241 pueri
514 1211 590 1232 vero
625 1200 764 1241 expositi
798 1200 839 1231 ad
872 1200 1012 1232 vicinam
1045 1201 1150 1242 ripam
1184 1203 1267 1234 sunt.
1318 1202 1377 1234 hos

95 1253 234 1286 Faustus
270 1254 416 1295 repperit
455 1256 581 1295 pastor,
623 1254 712 1285 cuius
748 1265 829 1285 uxor
865 1256 935 1285 erat
969 1265 1070 1295 nuper
1105 1255 1257 1286 meretrix
1294 1255 1380 1287 Acca
1399 1261 1433 1284 20

164 1362 180 1386 5
200 1360 230 1386 et
247 1359 339 1394 pater!
361 1359 393 1386 A.
413 1359 452 1385 111
471 1362 523 1386 343
546 1359 556 1392 11
581 1362 595 1386 7
615 1359 644 1385 in
663 1358 773 1393 quinto]
796 1360 917 1393 1901110
936 1359 1047 1394 domus]
1069 1360 1099 1386 A.
1121 1360 1132 1385 Ι
1152 1361 1226 1394 28411
1243 1363 1273 1386 12
1294 1360 1378 1387 Amu-

90 1395 147 1422 lius
165 1403 189 1422 e.
204 1404 230 1429 q.
246 1395 280 1429 s.]
301 1402 387 1421 exscr.
407 1395 547 1429 mythogr.
568 1395 579 1420 Ι
599 1398 633 1421 30
656 1396 665 1428 11
691 1397 722 1420 18
742 1394 888 1429 Horatius]
910 1403 992 1421 earm.
1012 1395 1024 1420 I
1044 1398 1068 1429 2,
1090 1398 1122 1421 19

165 1496 179 1520 1
200 1492 249 1519 sed
267 1492 366 1519 debuit
384 1492 476 1519 dicere
497 1514 502 1519 .
519 1513 524 1518 .
542 1514 547 1518 .
567 1501 601 1519 ex
624 1492 716 1519 vicino
735 1500 870 1526 usurpare
896 1500 946 1518 om.
967 1492 990 1518 (J
1010 1493 1019 1525 ss
1043 1495 1058 1518 2
1083 1500 1116 1518 ex
1139 1492 1224 1518 uicini
1248 1501 1303 1519 non
1322 1502 1378 1518 sur-

94 1537 162 1563 pare
181 1528 214 1555 K
229 1536 247 1554 a
264 1528 358 1555 uicino
378 1536 512 1562 usurpare
533 1529 570 1554 M
592 1529 602 1562 11
626 1531 642 1555 8
662 1528 711 1555 sed
730 1536 763 1554 ex
782 1527 846 1554 aliis
869 1528 952 1554 rebus
978 1527 1034 1554 alia
1053 1527 1103 1554 dat
1125 1527 1240 1554 nomina
1265 1529 1296 1554 ut
1319 1528 1379 1562 pios

93 1564 240 1591 Aeneadas
260 1563 416 1598 appellavit
434 1564 548 1598 scripsi:
567 1564 615 1590 sed
635 1564 664 1590 et
682 1563 746 1590 aliis
766 1563 847 1590 rebus
867 1563 924 1590 alia
943 1563 1012 1589 dant
1025 1563 1139 1590 nomina
1153 1564 1184 1589 ut
1197 1563 1259 1597 pios
1273 1563 1378 1590 Aenea-

92 1600 142 1627 das
162 1599 301 1634 appellari
321 1599 344 1625 C
361 1600 394 1632 cf.
415 1599 490 1626 Serv.
510 1601 547 1626 ad
566 1601 634 1626 Aen.
655 1599 667 1624 I
687 1599 763 1632 46811
784 1602 814 1624 11
837 1599 873 1625 ad
892 1607 915 1625 v.
936 1602 987 1625 273
1007 1598 1102 1625 Donec
1120 1599 1218 1632 regina
1237 1599 1377 1633 sacerdos]

90 1635 209 1662 historia
227 1635 281 1662 hoc
300 1635 395 1662 habet.
432 1635 561 1661 Amulius
581 1636 613 1671 et
628 1634 760 1661 Numitor
783 1634 883 1661 fratres
905 1634 1028 1668 suerunt,
1052 1634 1103 1660 filii
1122 1633 1226 1661 Procae
1246 1634 1378 1668 (prochae

89 1671 135 1706 P).
172 1670 300 1697 Amulius
319 1671 413 1697 autem
432 1671 548 1698 fratrem
567 1670 677 1705 pepulit
703 1678 789 1704 regno
809 1670 838 1696 et
857 1669 946 1696 filium
966 1669 1023 1696 eius
1043 1669 1156 1696 necauit
1175 1669 1315 1703 (regnauit
1333 1670 1378 1702 P),

89 1706 177 1733 filiam
196 1715 306 1740 quoque
332 1706 391 1733 eius
410 1706 491 1733 Iliam
511 1706 614 1733 Vestae
637 1706 811 1732 sacerdotem
834 1705 914 1738 fecit,
940 1707 972 1731 ut
994 1714 1072 1739 spem
1097 1705 1200 1731 sobolis
1221 1705 1321 1738 (soboli
1342 1705 1377 1738 P)

92 1742 226 1776 auferret,
245 1751 262 1768 a
281 1750 337 1775 qua
356 1750 385 1768 se
403 1741 497 1776 puniri
517 1742 626 1776 (punire
642 1742 679 1774 P)
699 1749 780 1775 posse
796 1741 975 1775 cognouerat.
1004 1741 1074 1767 haec
1090 1749 1153 1767 cum
1166 1742 1277 1774 peteret
1291 1749 1377 1773 aquas

89 1777 126 1804 ad
145 1785 227 1804 sacra
245 1777 392 1812 repentino
412 1786 528 1804 occursu
547 1778 607 1811 lupi
627 1777 741 1804 turbata
759 1776 862 1810 refugit
880 1776 909 1802 in
929 1776 1104 1810 speluncam,
1129 1776 1158 1802 in
1178 1784 1233 1809 qua
1252 1784 1269 1802 a
1287 1776 1377 1802 Marte

91 1821 250 1848 compressa
269 1814 323 1846 est,
348 1813 422 1840 unde
445 1813 505 1839 nati
528 1816 592 1839 sunt
611 1813 714 1839 Remus
738 1813 767 1838 et
790 1811 934 1838 Romulus.
972 1812 1020 1837 sed
1040 1811 1166 1837 Amulius
1191 1811 1323 1843 (Amnius
1344 1811 1376 1844 0)

89 1848 203 1882 timens,
223 1857 258 1875 ne
277 1849 352 1881 (fort.
372 1857 406 1875 ne
426 1849 500 1882 cum)
519 1849 553 1875 de
574 1848 660 1882 stirpe
679 1847 775 1874 fratris
794 1847 950 1873 Numitoris
969 1846 1077 1880 aliquid
1091 1847 1267 1880 procreatum
1282 1846 1376 1872 adole-

90 1884 175 1911 uisset
193 1884 375 1918 (aboleuisset
394 1884 431 1918 P)
451 1892 534 1910 auum
553 1884 672 1910 forsitan
691 1882 860 1916 uindicaret,
880 1891 980 1916 pueros
1001 1891 1063 1908 cum
1083 1883 1173 1908 matre
1196 1881 1377 1915 praecipitari

90 1920 174 1947 iussit
191 1920 221 1946 in
240 1919 374 1947 Tiberim.
402 1920 474 1945 hanc
495 1922 526 1946 ut
544 1920 658 1953 quidam
678 1918 775 1945 dicunt
794 1918 873 1944 Iliam
895 1918 985 1950 (Iliam
1005 1926 1054 1943 om.
1071 1917 1107 1950 P)
1128 1917 1180 1943 sibi
1200 1917 1290 1943 Anien
1309 1917 1377 1943 fecit

90 1964 217 1989 uxorem,
236 1957 268 1982 ut
287 1955 336 1982 alii
357 1956 399 1988 (ut
417 1955 466 1981 alii
486 1963 534 1981 om.
551 1955 588 1988 P)
608 1955 681 1980 inter
700 1962 770 1987 quos
785 1953 930 1985 Horatius,
951 1953 1072 1986 Tiberis,
1087 1953 1160 1979 unde
1175 1953 1218 1979 est
1236 1952 1376 1978 uxorius

91 1991 207 2019 amnis.
246 1991 327 2025 pueri
346 1999 412 2017 uero
433 1990 553 2024 expositi
572 1990 608 2017 ad
627 1990 750 2016 uicinam
769 1989 859 2023 ripam
879 1988 966 2015 delati
985 1990 1061 2020 sunt,
1088 1988 1124 2014 ad
1143 1996 1211 2021 quos
1231 1988 1376 2021 uagientcs

91 2026 159 2061 lupa
177 2027 211 2053 de
230 2027 330 2053 uicinis
350 2027 491 2053 montibus
511 2026 589 2052 uenit
608 2026 636 2052 et
654 2025 742 2051 ubera
760 2024 902 2058 praestitit
922 2023 1081 2058 (praestetit
1097 2024 1141 2056 P).
1179 2023 1227 2049 sed
1247 2032 1309 2049 cum
1329 2031 1376 2049 eos

91 2062 209 2089 Faustus
232 2063 330 2096 pastor
353 2062 412 2089 eius
441 2061 496 2088 loci
525 2060 771 2088 animaduertisset
797 2059 897 2086 nutriri
923 2068 939 2086 a
958 2059 1017 2086 fera
1041 2061 1069 2085 et
1091 2058 1185 2093 picum
1210 2066 1375 2092 parramque

93 2097 332 2131 circumuolitare,
363 2097 521 2132 suspicatus
554 2097 665 2123 diuinae
697 2095 812 2130 originis
841 2095 964 2122 sobolem
1001 2095 1036 2121 ad
1064 2095 1167 2121 Accam
1196 2093 1376 2120 Laurentiam

91 2142 204 2161 uxorem
223 2142 295 2167 quae
315 2135 380 2160 ante
399 2133 531 2160 meretrix
551 2131 687 2166 (meritrix
707 2132 743 2165 P)
767 2131 858 2158 fuerat
882 2139 982 2165 pueros
1002 2130 1117 2163 detulit,
1141 2138 1212 2163 quae
1233 2131 1375 2163 susceptos

92 2169 149 2202 (eos
167 2169 206 2203 P)
226 2169 305 2196 aluit.
326 2169 384 2196 GP.
422 2178 491 2202 quae
515 2169 591 2202 apud
615 2168 739 2194 Servium
762 2169 891 2193 secuntur
913 2166 944 2192 hi
963 2167 1061 2200 postea
1082 2188 1086 2192 .
1104 2188 1108 2193 .
1126 2188 1131 2193 .
1151 2165 1180 2192 in
1199 2165 1290 2191 tutela
1315 2173 1375 2190 esse

92 2204 190 2231 Martis
208 2213 240 2231 ea
261 2205 369 2239 inteyra
387 2205 465 2231 habet
480 2204 510 2237 Ο,
529 2205 570 2230 ita
590 2205 738 2235 contracta,
758 2205 789 2228 nt
808 2203 837 2229 et
855 2210 872 2228 a
886 2202 968 2228 Romi
987 2201 1099 2228 nomine
1120 2223 1124 2228 .
1142 2223 1147 2227 .
1164 2222 1169 2227 .
1190 2200 1374 2227 diminutione

95 2242 119 2267 et
137 2241 166 2267 et
183 2241 294 2267 constat
312 2241 365 2267 hoc
385 2240 492 2267 animal
510 2240 540 2266 in
559 2239 650 2266 tutela
669 2246 729 2265 esse
748 2237 847 2264 Martis
866 2238 966 2270 desint,
987 2237 1013 2263 P
1032 2238 1041 2271 11
1066 2240 1097 2263 12
1118 2237 1172 2262 duo
1192 2236 1292 2262 fratres
1313 2235 1349 2261 M
1365 2235 1374 2269 11

94 2313 126 2337 13
146 2311 218 2338 filios
238 2312 264 2338 L
289 2311 388 2346 (filium
408 2312 428 2345 l)
452 2311 461 2345 11
487 2314 519 2337 14
543 2309 648 2337 sobolis
667 2309 774 2335 BHM
795 2310 804 2343 11
831 2312 862 2335 16
882 2308 1005 2335 romulus
1025 2308 1051 2333 B
1079 2287 1239 2341 rornunfff's'sfflff
1260 2306 1296 2331 M
1313 2305 1336 2338 (s
1356 2314 1374 2331 a

93 2353 126 2373 m.
145 2348 205 2379 sec.)
227 2347 236 2381 11
261 2350 292 2373 17
312 2347 405 2381 ssiam]
425 2347 511 2373 aliam
531 2347 563 2372 K
583 2347 592 2380 11
615 2345 718 2379 Anien]
745 2344 833 2371 amnis
853 2345 880 2370 B
901 2346 910 2379 11
934 2347 967 2372 18
990 2343 1063 2370 unde
1087 2342 1138 2377 ait]
1164 2342 1235 2368 unde
1260 2342 1302 2367 est
1321 2341 1352 2366 Κ
1356 2341 1372 2367 l.

94 2389 143 2408 om.
164 2382 286 2416 Μ1120
305 2382 350 2410 eui
368 2382 453 2409 BMZ
