<?xml version="1.0" encoding="UTF-8"?>
<!DOCTYPE html PUBLIC "-//W3C//DTD XHTML 1.0 Transitional//EN"
    "http://www.w3.org/TR/xhtml1/DTD/xhtml1-transitional.dtd">
<html xmlns="http://www.w3.org/1999/xhtml" xml:lang="en" lang="en">
 <head>
  <title>
</title>
<meta http-equiv="Content-Type" content="text/html;charset=utf-8" />
  <meta name='ocr-system' content='tesseract 3.04.00' />
  <meta name='ocr-capabilities' content='ocr_page ocr_carea ocr_par ocr_line ocrx_word'/>
</head>
<body>
  <div class='ocr_page' id='page_1' title='image "./invergiliicarmin00servuoft/invergiliicarmin00servuoft_0396.png"; bbox 0 0 1722 2670; ppageno 0'>
   <div class='ocr_carea' id='block_1_1' title="bbox 269 729 301 753">
    <p class='ocr_par' dir='ltr' id='par_1_1' title="bbox 269 729 301 753">
     <span class='ocr_line' id='line_1_1' title="bbox 269 729 301 753; baseline 0 0"><span class='ocrx_word' id='word_1_1' title='bbox 269 729 301 753; x_wconf 87' lang='lat'><strong>10</strong></span> 
     </span>
    </p>
   </div>
   <div class='ocr_carea' id='block_1_2' title="bbox 267 995 299 1019">
    <p class='ocr_par' dir='ltr' id='par_1_2' title="bbox 267 995 299 1019">
     <span class='ocr_line' id='line_1_2' title="bbox 267 995 299 1019; baseline 0 0"><span class='ocrx_word' id='word_1_2' title='bbox 267 995 299 1019; x_wconf 85' lang='lat'><strong>15</strong></span> 
     </span>
    </p>
   </div>
   <div class='ocr_carea' id='block_1_3' title="bbox 266 1262 300 1286">
    <p class='ocr_par' dir='ltr' id='par_1_3' title="bbox 266 1262 300 1286">
     <span class='ocr_line' id='line_1_3' title="bbox 266 1262 300 1286; baseline -0.029 0"><span class='ocrx_word' id='word_1_3' title='bbox 266 1262 300 1286; x_wconf 86' lang='grc'><strong>20</strong></span> 
     </span>
    </p>
   </div>
   <div class='ocr_carea' id='block_1_4' title="bbox 264 1528 299 1552">
    <p class='ocr_par' dir='ltr' id='par_1_4' title="bbox 264 1528 299 1552">
     <span class='ocr_line' id='line_1_4' title="bbox 264 1528 299 1552; baseline 0 0"><span class='ocrx_word' id='word_1_4' title='bbox 264 1528 299 1552; x_wconf 76' lang='lat'><strong>2⁶</strong></span> 
     </span>
    </p>
   </div>
   <div class='ocr_carea' id='block_1_5' title="bbox 1549 0 1722 208">
    <p class='ocr_par' dir='ltr' id='par_1_5' title="bbox 1549 0 1722 208">
     <span class='ocr_line' id='line_1_5' title="bbox 1549 0 1722 208; baseline 0 2462"><span class='ocrx_word' id='word_1_5' title='bbox 1549 0 1722 208; x_wconf 95' lang='lat' dir='ltr'><strong> </strong></span> 
     </span>
    </p>
   </div>
   <div class='ocr_carea' id='block_1_6' title="bbox 320 161 1020 194">
    <p class='ocr_par' dir='ltr' id='par_1_6' title="bbox 320 161 1020 194">
     <span class='ocr_line' id='line_1_6' title="bbox 320 161 1020 194; baseline 0.001 -1"><span class='ocrx_word' id='word_1_6' title='bbox 320 161 386 194; x_wconf 83' lang='lat'><strong>384</strong></span> <span class='ocrx_word' id='word_1_7' title='bbox 898 166 1020 194; x_wconf 73' lang='lat' dir='ltr'><strong>snam</strong></span> 
     </span>
    </p>
   </div>
   <div class='ocr_carea' id='block_1_7' title="bbox 316 245 1608 1727">
    <p class='ocr_par' dir='ltr' id='par_1_7' title="bbox 321 245 1600 332">
     <span class='ocr_line' id='line_1_7' title="bbox 321 245 1600 289; baseline 0.008 -14"><span class='ocrx_word' id='word_1_8' title='bbox 321 252 462 276; x_wconf 65' lang='lat' dir='ltr'><strong>Ponvn&#39;r</strong></span> <span class='ocrx_word' id='word_1_9' title='bbox 476 253 583 277; x_wconf 71' lang='lat' dir='ltr'><strong>ansas</strong></span> <span class='ocrx_word' id='word_1_10' title='bbox 606 245 661 277; x_wconf 80' lang='lat' dir='ltr'><strong>hoc</strong></span> <span class='ocrx_word' id='word_1_11' title='bbox 678 248 723 278; x_wconf 77' lang='lat' dir='ltr'><strong>est</strong></span> <span class='ocrx_word' id='word_1_12' title='bbox 744 245 920 289; x_wconf 79' lang='lat' dir='ltr'><strong>disponunt</strong></span> <span class='ocrx_word' id='word_1_13' title='bbox 939 250 972 280; x_wconf 85' lang='lat' dir='ltr'><strong>et</strong></span> <span class='ocrx_word' id='word_1_14' title='bbox 994 250 1099 282; x_wconf 73' lang='lat' dir='ltr'><strong>tectos</strong></span> <span class='ocrx_word' id='word_1_15' title='bbox 1122 249 1260 282; x_wconf 80' lang='lat' dir='ltr'><strong>faciunt:</strong></span> <span class='ocrx_word' id='word_1_16' title='bbox 1285 250 1332 282; x_wconf 86' lang='lat' dir='ltr'><strong>sic</strong></span> <span class='ocrx_word' id='word_1_17' title='bbox 1355 252 1389 283; x_wconf 86' lang='lat' dir='ltr'><strong>et</strong></span> <span class='ocrx_word' id='word_1_18' title='bbox 1411 253 1504 284; x_wconf 65' lang='lat' dir='ltr'><strong>senia</strong></span> <span class='ocrx_word' id='word_1_19' title='bbox 1524 262 1600 285; x_wconf 83' lang='lat' dir='ltr'><strong>eon-</strong></span> 
     </span>
     <span class='ocr_line' id='line_1_8' title="bbox 321 296 704 332; baseline 0.01 -4"><span class='ocrx_word' id='word_1_20' title='bbox 321 296 423 328; x_wconf 89' lang='lat' dir='ltr'><strong>dendo</strong></span> <span class='ocrx_word' id='word_1_21' title='bbox 446 297 549 330; x_wconf 89' lang='lat' dir='ltr'><strong>latere</strong></span> <span class='ocrx_word' id='word_1_22' title='bbox 571 298 704 332; x_wconf 87' lang='lat' dir='ltr'><strong>faciunt.</strong></span> 
     </span>
    </p>

    <p class='ocr_par' dir='ltr' id='par_1_8' title="bbox 320 350 1602 502">
     <span class='ocr_line' id='line_1_9' title="bbox 409 350 1602 394; baseline 0.008 -12"><span class='ocrx_word' id='word_1_23' title='bbox 409 350 484 383; x_wconf 84' lang='lat'><strong>239.</strong></span> <span class='ocrx_word' id='word_1_24' title='bbox 521 363 635 384; x_wconf 66' lang='lat' dir='ltr'><strong>smum</strong></span> <span class='ocrx_word' id='word_1_25' title='bbox 663 353 768 394; x_wconf 64' lang='lat' dir='ltr'><strong>uu’que</strong></span> <span class='ocrx_word' id='word_1_26' title='bbox 799 354 942 387; x_wconf 73' lang='lat' dir='ltr'><strong>militare.</strong></span> <span class='ocrx_word' id='word_1_27' title='bbox 1033 364 1184 389; x_wconf 71' lang='lat' dir='ltr'><strong>msanvs</strong></span> <span class='ocrx_word' id='word_1_28' title='bbox 1216 356 1298 389; x_wconf 90' lang='lat' dir='ltr'><strong>bene</strong></span> <span class='ocrx_word' id='word_1_29' title='bbox 1329 356 1502 391; x_wconf 57' lang='lat' dir='ltr'><strong>Misenum&gt;</strong></span> <span class='ocrx_word' id='word_1_30' title='bbox 1519 358 1602 392; x_wconf 76' lang='lat' dir='ltr'><strong>dicit</strong></span> 
     </span>
     <span class='ocr_line' id='line_1_10' title="bbox 320 403 1600 454; baseline 0.007 -19"><span class='ocrx_word' id='word_1_31' title='bbox 320 403 510 436; x_wconf 85' lang='lat' dir='ltr'><strong>tubicinem:</strong></span> <span class='ocrx_word' id='word_1_32' title='bbox 534 405 603 446; x_wconf 87' lang='lat' dir='ltr'><strong>ipse</strong></span> <span class='ocrx_word' id='word_1_33' title='bbox 627 407 677 438; x_wconf 87' lang='lat' dir='ltr'><strong>est</strong></span> <span class='ocrx_word' id='word_1_34' title='bbox 700 406 786 438; x_wconf 89' lang='lat' dir='ltr'><strong>enim</strong></span> <span class='ocrx_word' id='word_1_35' title='bbox 811 407 866 449; x_wconf 90' lang='lat' dir='ltr'><strong>qui</strong></span> <span class='ocrx_word' id='word_1_36' title='bbox 885 407 1003 440; x_wconf 80' lang='lat' dir='ltr'><strong>dicitur</strong></span> <span class='ocrx_word' id='word_1_37' title='bbox 1022 408 1108 441; x_wconf 88' lang='lat' dir='ltr'><strong>filius</strong></span> <span class='ocrx_word' id='word_1_38' title='bbox 1127 409 1227 441; x_wconf 72' lang='lat' dir='ltr'><strong>fixisse</strong></span> <span class='ocrx_word' id='word_1_39' title='bbox 1242 409 1351 452; x_wconf 81' lang='lat' dir='ltr'>Aeoli,</span> <span class='ocrx_word' id='word_1_40' title='bbox 1374 412 1412 443; x_wconf 93' lang='lat' dir='ltr'><strong>ut</strong></span> <span class='ocrx_word' id='word_1_41' title='bbox 1430 410 1500 452; x_wconf 87' lang='lat' dir='ltr'><strong>&lt;VI</strong></span> <span class='ocrx_word' id='word_1_42' title='bbox 1515 411 1600 454; x_wconf 75' lang='lat'>164&gt;</span> 
     </span>
     <span class='ocr_line' id='line_1_11' title="bbox 321 456 1601 502; baseline 0.009 -14"><span class='ocrx_word' id='word_1_43' title='bbox 321 456 509 489; x_wconf 79' lang='lat' dir='ltr'>Misenum</span> <span class='ocrx_word' id='word_1_44' title='bbox 534 458 741 491; x_wconf 83' lang='lat' dir='ltr'><strong>Aeoliden:</strong></span> <span class='ocrx_word' id='word_1_45' title='bbox 763 460 840 502; x_wconf 89' lang='lat' dir='ltr'><strong>quia</strong></span> <span class='ocrx_word' id='word_1_46' title='bbox 863 463 992 493; x_wconf 82' lang='lat' dir='ltr'><strong>constat</strong></span> <span class='ocrx_word' id='word_1_47' title='bbox 1015 472 1130 494; x_wconf 89' lang='lat' dir='ltr'><strong>sonum</strong></span> <span class='ocrx_word' id='word_1_48' title='bbox 1154 473 1282 495; x_wconf 88' lang='lat' dir='ltr'><strong>omnem</strong></span> <span class='ocrx_word' id='word_1_49' title='bbox 1305 474 1343 495; x_wconf 85' lang='lat' dir='ltr'><strong>ex</strong></span> <span class='ocrx_word' id='word_1_50' title='bbox 1368 466 1465 498; x_wconf 85' lang='lat' dir='ltr'><strong>vento</strong></span> <span class='ocrx_word' id='word_1_51' title='bbox 1489 465 1601 499; x_wconf 62' lang='lat' dir='ltr'><strong>creari.</strong></span> 
     </span>
    </p>

    <p class='ocr_par' dir='ltr' id='par_1_9' title="bbox 319 510 1601 764">
     <span class='ocr_line' id='line_1_12' title="bbox 408 510 1599 557; baseline 0.008 -15"><span class='ocrx_word' id='word_1_52' title='bbox 408 510 482 543; x_wconf 82' lang='lat'><strong>240.</strong></span> <span class='ocrx_word' id='word_1_53' title='bbox 519 520 615 544; x_wconf 72' lang='lat' dir='ltr'><strong>NOVA</strong></span> <span class='ocrx_word' id='word_1_54' title='bbox 638 512 735 554; x_wconf 87' lang='lat' dir='ltr'><strong>mira,</strong></span> <span class='ocrx_word' id='word_1_55' title='bbox 762 515 800 545; x_wconf 90' lang='lat' dir='ltr'><strong>ut</strong></span> <span class='ocrx_word' id='word_1_56' title='bbox 822 512 954 546; x_wconf 86' lang='lat' dir='ltr'><strong>Pollio</strong></span> <span class='ocrx_word' id='word_1_57' title='bbox 984 517 1021 547; x_wconf 91' lang='lat' dir='ltr'><strong>et</strong></span> <span class='ocrx_word' id='word_1_58' title='bbox 1049 515 1133 557; x_wconf 87' lang='lat' dir='ltr'><strong>ipse</strong></span> <span class='ocrx_word' id='word_1_59' title='bbox 1159 515 1258 548; x_wconf 86' lang='lat' dir='ltr'><strong>facit</strong></span> <span class='ocrx_word' id='word_1_60' title='bbox 1285 527 1383 549; x_wconf 89' lang='lat' dir='ltr'><strong>nova</strong></span> <span class='ocrx_word' id='word_1_61' title='bbox 1410 517 1599 552; x_wconf 64' lang='lat' dir='ltr'><strong>cai-minoz</strong></span> 
     </span>
     <span class='ocr_line' id='line_1_13' title="bbox 319 564 1600 611; baseline 0.008 -17"><span class='ocrx_word' id='word_1_62' title='bbox 319 573 395 595; x_wconf 89' lang='lat' dir='ltr'><strong>nam</strong></span> <span class='ocrx_word' id='word_1_63' title='bbox 417 574 537 596; x_wconf 86' lang='lat' dir='ltr'><strong>novum</strong></span> <span class='ocrx_word' id='word_1_64' title='bbox 560 564 683 597; x_wconf 89' lang='lat' dir='ltr'><strong>bellum</strong></span> <span class='ocrx_word' id='word_1_65' title='bbox 706 576 772 598; x_wconf 90' lang='lat' dir='ltr'><strong>non</strong></span> <span class='ocrx_word' id='word_1_66' title='bbox 796 568 848 599; x_wconf 89' lang='lat' dir='ltr'><strong>est</strong></span> <span class='ocrx_word' id='word_1_67' title='bbox 871 567 960 599; x_wconf 86' lang='lat' dir='ltr'><strong>cuius</strong></span> <span class='ocrx_word' id='word_1_68' title='bbox 984 570 1074 600; x_wconf 85' lang='lat' dir='ltr'><strong>extat</strong></span> <span class='ocrx_word' id='word_1_69' title='bbox 1103 569 1299 611; x_wconf 82' lang='lat' dir='ltr'><strong>exemplum3</strong></span> <span class='ocrx_word' id='word_1_70' title='bbox 1327 569 1486 603; x_wconf 83' lang='lat' dir='ltr'><strong>Hercules</strong></span> <span class='ocrx_word' id='word_1_71' title='bbox 1512 571 1600 605; x_wconf 79' lang='lat' dir='ltr'><strong>enim</strong></span> 
     </span>
     <span class='ocr_line' id='line_1_14' title="bbox 319 616 1601 664; baseline 0.009 -17"><span class='ocrx_word' id='word_1_72' title='bbox 319 616 353 647; x_wconf 89' lang='lat' dir='ltr'><strong>in</strong></span> <span class='ocrx_word' id='word_1_73' title='bbox 381 618 491 649; x_wconf 87' lang='lat' dir='ltr'><strong>monte</strong></span> <span class='ocrx_word' id='word_1_74' title='bbox 518 617 678 650; x_wconf 80' lang='lat' dir='ltr'><strong>Arcadiae</strong></span> <span class='ocrx_word' id='word_1_75' title='bbox 706 617 900 661; x_wconf 84' lang='lat' dir='ltr'><strong>Stymphale</strong></span> <span class='ocrx_word' id='word_1_76' title='bbox 933 620 1013 653; x_wconf 80' lang='lat' dir='ltr'><strong>vicit</strong></span> <span class='ocrx_word' id='word_1_77' title='bbox 1045 620 1307 664; x_wconf 84' lang='lat' dir='ltr'><strong>Stymphalidas,</strong></span> <span class='ocrx_word' id='word_1_78' title='bbox 1339 625 1376 655; x_wconf 87' lang='lat' dir='ltr'><strong>ut</strong></span> <span class='ocrx_word' id='word_1_79' title='bbox 1404 622 1530 657; x_wconf 85' lang='lat' dir='ltr'><strong>Statius</strong></span> <span class='ocrx_word' id='word_1_80' title='bbox 1561 625 1601 658; x_wconf 74' lang='lat' dir='ltr'><strong>et</strong></span> 
     </span>
     <span class='ocr_line' id='line_1_15' title="bbox 319 670 1600 717; baseline 0.009 -16"><span class='ocrx_word' id='word_1_81' title='bbox 319 670 540 703; x_wconf 79' lang='lat' dir='ltr'>aerisonum</span> <span class='ocrx_word' id='word_1_82' title='bbox 569 670 837 714; x_wconf 86' lang='lat' dir='ltr'><strong>Stymphalon.</strong></span> <span class='ocrx_word' id='word_1_83' title='bbox 883 675 939 706; x_wconf 88' lang='lat' dir='ltr'><strong>aut</strong></span> <span class='ocrx_word' id='word_1_84' title='bbox 967 673 1085 707; x_wconf 74' lang='lat' dir='ltr'><strong>‘nova&#39;</strong></span> <span class='ocrx_word' id='word_1_85' title='bbox 1118 674 1204 717; x_wconf 88' lang='lat' dir='ltr'><strong>ideo,</strong></span> <span class='ocrx_word' id='word_1_86' title='bbox 1237 675 1313 717; x_wconf 86' lang='lat' dir='ltr'><strong>quia</strong></span> <span class='ocrx_word' id='word_1_87' title='bbox 1342 677 1506 711; x_wconf 78' lang='lat' dir='ltr'><strong>vulnerari</strong></span> <span class='ocrx_word' id='word_1_88' title='bbox 1531 688 1600 712; x_wconf 79' lang='lat' dir='ltr'><strong>non</strong></span> 
     </span>
     <span class='ocr_line' id='line_1_16' title="bbox 319 724 480 764; baseline 0.012 -10"><span class='ocrx_word' id='word_1_89' title='bbox 319 724 480 764; x_wconf 85' lang='lat' dir='ltr'><strong>poterant.</strong></span> 
     </span>
    </p>

    <p class='ocr_par' dir='ltr' id='par_1_10' title="bbox 317 777 1608 1406">
     <span class='ocr_line' id='line_1_17' title="bbox 409 777 1600 824; baseline 0.009 -16"><span class='ocrx_word' id='word_1_90' title='bbox 409 777 482 809; x_wconf 84' lang='lat'><strong>241.</strong></span> <span class='ocrx_word' id='word_1_91' title='bbox 519 786 693 811; x_wconf 77' lang='lat' dir='ltr'>OBSCENAS</span> <span class='ocrx_word' id='word_1_92' title='bbox 731 779 891 812; x_wconf 77' lang='lat' dir='ltr'><strong>obscenae</strong></span> <span class='ocrx_word' id='word_1_93' title='bbox 928 782 1004 813; x_wconf 84' lang='lat' dir='ltr'><strong>sunt</strong></span> <span class='ocrx_word' id='word_1_94' title='bbox 1040 792 1132 823; x_wconf 88' lang='lat' dir='ltr'><strong>aves,</strong></span> <span class='ocrx_word' id='word_1_95' title='bbox 1169 793 1251 824; x_wconf 85' lang='lat' dir='ltr'><strong>quae</strong></span> <span class='ocrx_word' id='word_1_96' title='bbox 1284 783 1429 817; x_wconf 82' lang='lat' dir='ltr'><strong>canendo</strong></span> <span class='ocrx_word' id='word_1_97' title='bbox 1461 783 1600 819; x_wconf 65' lang='lat' dir='ltr'><strong>advers·</strong></span> 
     </span>
     <span class='ocr_line' id='line_1_18' title="bbox 318 829 1599 881; baseline 0.009 -21"><span class='ocrx_word' id='word_1_98' title='bbox 318 829 515 872; x_wconf 81' lang='lat' dir='ltr'><strong>significant,</strong></span> <span class='ocrx_word' id='word_1_99' title='bbox 538 832 575 862; x_wconf 90' lang='lat' dir='ltr'><strong>nt</strong></span> <span class='ocrx_word' id='word_1_100' title='bbox 597 832 695 873; x_wconf 91' lang='lat' dir='ltr'><strong>paulo</strong></span> <span class='ocrx_word' id='word_1_101' title='bbox 718 835 794 874; x_wconf 91' lang='lat' dir='ltr'><strong>post</strong></span> <span class='ocrx_word' id='word_1_102' title='bbox 818 833 946 866; x_wconf 78' lang='lat' dir='ltr'><strong>‘infelix</strong></span> <span class='ocrx_word' id='word_1_103' title='bbox 970 834 1087 868; x_wconf 85' lang='lat' dir='ltr'><strong>vates’.</strong></span> <span class='ocrx_word' id='word_1_104' title='bbox 1160 844 1290 869; x_wconf 75' lang='lat' dir='ltr'>PELAGI</span> <span class='ocrx_word' id='word_1_105' title='bbox 1314 845 1496 871; x_wconf 71' lang='lat' dir='ltr'><strong>vonvcm</strong></span> <span class='ocrx_word' id='word_1_106' title='bbox 1521 838 1599 881; x_wconf 79' lang='lat' dir='ltr'><strong>quia</strong></span> 
     </span>
     <span class='ocr_line' id='line_1_19' title="bbox 318 882 1599 933; baseline 0.008 -19"><span class='ocrx_word' id='word_1_107' title='bbox 318 882 469 915; x_wconf 89' lang='lat' dir='ltr'><strong>dicuntur</strong></span> <span class='ocrx_word' id='word_1_108' title='bbox 497 883 592 916; x_wconf 80' lang='lat' dir='ltr'>Ponti</span> <span class='ocrx_word' id='word_1_109' title='bbox 623 887 657 917; x_wconf 90' lang='lat' dir='ltr'><strong>et</strong></span> <span class='ocrx_word' id='word_1_110' title='bbox 686 884 806 918; x_wconf 78' lang='lat' dir='ltr'><strong>Terrae</strong></span> <span class='ocrx_word' id='word_1_111' title='bbox 835 887 938 919; x_wconf 86' lang='lat' dir='ltr'><strong>filiae:</strong></span> <span class='ocrx_word' id='word_1_112' title='bbox 970 887 1054 920; x_wconf 88' lang='lat' dir='ltr'><strong>unde</strong></span> <span class='ocrx_word' id='word_1_113' title='bbox 1086 888 1120 919; x_wconf 90' lang='lat' dir='ltr'><strong>in</strong></span> <span class='ocrx_word' id='word_1_114' title='bbox 1150 889 1264 922; x_wconf 84' lang='lat' dir='ltr'><strong>insulis</strong></span> <span class='ocrx_word' id='word_1_115' title='bbox 1291 889 1446 923; x_wconf 79' lang='lat' dir='ltr'><strong>habitant</strong></span> <span class='ocrx_word' id='word_1_116' title='bbox 1471 892 1599 933; x_wconf 66' lang='lat' dir='ltr'><strong>partum</strong></span> 
     </span>
     <span class='ocr_line' id='line_1_20' title="bbox 318 937 1598 987; baseline 0.009 -20"><span class='ocrx_word' id='word_1_117' title='bbox 318 937 488 977; x_wconf 86' lang='lat' dir='ltr'><strong>terrarum,</strong></span> <span class='ocrx_word' id='word_1_118' title='bbox 510 939 637 978; x_wconf 82' lang='lat' dir='ltr'><strong>partem</strong></span> <span class='ocrx_word' id='word_1_119' title='bbox 656 939 756 970; x_wconf 86' lang='lat' dir='ltr'><strong>maris</strong></span> <span class='ocrx_word' id='word_1_120' title='bbox 774 941 934 972; x_wconf 85' lang='lat' dir='ltr'><strong>tenentes.</strong></span> <span class='ocrx_word' id='word_1_121' title='bbox 971 940 1028 972; x_wconf 87' lang='lat' dir='ltr'><strong>alii</strong></span> <span class='ocrx_word' id='word_1_122' title='bbox 1051 940 1163 973; x_wconf 88' lang='lat' dir='ltr'><strong>dicunt</strong></span> <span class='ocrx_word' id='word_1_123' title='bbox 1181 953 1236 974; x_wconf 88' lang='lat' dir='ltr'><strong>eas</strong></span> <span class='ocrx_word' id='word_1_124' title='bbox 1249 942 1395 984; x_wconf 77' lang='lat' dir='ltr'><strong>Neptuni</strong></span> <span class='ocrx_word' id='word_1_125' title='bbox 1417 943 1518 986; x_wconf 73' lang='lat' dir='ltr'><strong>filins,</strong></span> <span class='ocrx_word' id='word_1_126' title='bbox 1539 943 1598 987; x_wconf 80' lang='lat' dir='ltr'><strong>qui</strong></span> 
     </span>
     <span class='ocr_line' id='line_1_21' title="bbox 319 988 1604 1037; baseline 0.009 -17"><span class='ocrx_word' id='word_1_127' title='bbox 319 988 387 1021; x_wconf 83' lang='lat' dir='ltr'><strong>fere</strong></span> <span class='ocrx_word' id='word_1_128' title='bbox 410 989 632 1032; x_wconf 82' lang='lat' dir='ltr'>prodigiorum</span> <span class='ocrx_word' id='word_1_129' title='bbox 656 991 800 1024; x_wconf 89' lang='lat' dir='ltr'><strong>omnium</strong></span> <span class='ocrx_word' id='word_1_130' title='bbox 829 995 923 1034; x_wconf 89' lang='lat' dir='ltr'><strong>pater</strong></span> <span class='ocrx_word' id='word_1_131' title='bbox 950 996 1015 1025; x_wconf 81' lang='lat' dir='ltr'><strong>est:</strong></span> <span class='ocrx_word' id='word_1_132' title='bbox 1044 1004 1104 1026; x_wconf 86' lang='lat' dir='ltr'><strong>nec</strong></span> <span class='ocrx_word' id='word_1_133' title='bbox 1131 994 1298 1037; x_wconf 79' lang='lat' dir='ltr'><strong>inmerit03</strong></span> <span class='ocrx_word' id='word_1_134' title='bbox 1326 1006 1404 1028; x_wconf 83' lang='lat' dir='ltr'><strong>nam</strong></span> <span class='ocrx_word' id='word_1_135' title='bbox 1427 995 1604 1032; x_wconf 68' lang='lat' dir='ltr'><strong>mudum</strong></span> 
     </span>
     <span class='ocr_line' id='line_1_22' title="bbox 318 1041 1605 1088; baseline 0.008 -15"><span class='ocrx_word' id='word_1_136' title='bbox 318 1041 485 1075; x_wconf 86' lang='lat' dir='ltr'><strong>Milesium</strong></span> <span class='ocrx_word' id='word_1_137' title='bbox 508 1042 678 1076; x_wconf 79' lang='lat' dir='ltr'><strong>Thaletem</strong></span> <span class='ocrx_word' id='word_1_138' title='bbox 707 1045 817 1078; x_wconf 83' lang='lat' dir='ltr'><strong>omnia</strong></span> <span class='ocrx_word' id='word_1_139' title='bbox 844 1057 884 1078; x_wconf 86' lang='lat' dir='ltr'><strong>ex</strong></span> <span class='ocrx_word' id='word_1_140' title='bbox 910 1057 1023 1079; x_wconf 88' lang='lat' dir='ltr'><strong>umore</strong></span> <span class='ocrx_word' id='word_1_141' title='bbox 1050 1050 1278 1088; x_wconf 77' lang='lat' dir='ltr'><strong>procreantur:</strong></span> <span class='ocrx_word' id='word_1_142' title='bbox 1306 1048 1390 1082; x_wconf 86' lang='lat' dir='ltr'><strong>unde</strong></span> <span class='ocrx_word' id='word_1_143' title='bbox 1413 1051 1464 1083; x_wconf 84' lang='lat' dir='ltr'><strong>est</strong></span> <span class='ocrx_word' id='word_1_144' title='bbox 1487 1048 1605 1083; x_wconf 71' lang='lat' dir='ltr'><strong>oeen-</strong></span> 
     </span>
     <span class='ocr_line' id='line_1_23' title="bbox 317 1099 1604 1146; baseline 0.008 -19"><span class='ocrx_word' id='word_1_145' title='bbox 317 1106 482 1137; x_wconf 91' lang='lat' dir='ltr'><strong>numque</strong></span> <span class='ocrx_word' id='word_1_146' title='bbox 506 1099 657 1137; x_wconf 89' lang='lat' dir='ltr'><strong>patrem</strong></span> <span class='ocrx_word' id='word_1_147' title='bbox 680 1108 817 1131; x_wconf 89' lang='lat' dir='ltr'><strong>rerum.</strong></span> <span class='ocrx_word' id='word_1_148' title='bbox 863 1099 939 1132; x_wconf 88' lang='lat' dir='ltr'><strong>hinc</strong></span> <span class='ocrx_word' id='word_1_149' title='bbox 962 1100 1000 1132; x_wconf 89' lang='lat' dir='ltr'><strong>fit</strong></span> <span class='ocrx_word' id='word_1_150' title='bbox 1023 1102 1073 1142; x_wconf 89' lang='lat' dir='ltr'><strong>ut,</strong></span> <span class='ocrx_word' id='word_1_151' title='bbox 1098 1101 1388 1144; x_wconf 81' lang='lat' dir='ltr'><strong>quotienscumque</strong></span> <span class='ocrx_word' id='word_1_152' title='bbox 1410 1102 1528 1136; x_wconf 81' lang='lat' dir='ltr'><strong>desunt</strong></span> <span class='ocrx_word' id='word_1_153' title='bbox 1547 1113 1604 1146; x_wconf 75' lang='lat' dir='ltr'><strong>pa-</strong></span> 
     </span>
     <span class='ocr_line' id='line_1_24' title="bbox 318 1149 1602 1199; baseline 0.008 -19"><span class='ocrx_word' id='word_1_154' title='bbox 318 1150 442 1190; x_wconf 86' lang='lat' dir='ltr'><strong>rentes,</strong></span> <span class='ocrx_word' id='word_1_155' title='bbox 465 1149 615 1182; x_wconf 80' lang='lat' dir='ltr'><strong>redeatur</strong></span> <span class='ocrx_word' id='word_1_156' title='bbox 637 1150 672 1182; x_wconf 89' lang='lat' dir='ltr'><strong>in</strong></span> <span class='ocrx_word' id='word_1_157' title='bbox 695 1152 953 1193; x_wconf 81' lang='lat' dir='ltr'><strong>generalitatem.</strong></span> <span class='ocrx_word' id='word_1_158' title='bbox 999 1153 1046 1185; x_wconf 86' lang='lat' dir='ltr'><strong>sic</strong></span> <span class='ocrx_word' id='word_1_159' title='bbox 1070 1155 1103 1186; x_wconf 89' lang='lat' dir='ltr'><strong>et</strong></span> <span class='ocrx_word' id='word_1_160' title='bbox 1133 1155 1322 1197; x_wconf 80' lang='lat' dir='ltr'><strong>peregrinos</strong></span> <span class='ocrx_word' id='word_1_161' title='bbox 1345 1155 1492 1199; x_wconf 84' lang='lat' dir='ltr'><strong>Neptuni</strong></span> <span class='ocrx_word' id='word_1_162' title='bbox 1514 1155 1602 1190; x_wconf 76' lang='lat' dir='ltr'><strong>filios</strong></span> 
     </span>
     <span class='ocr_line' id='line_1_25' title="bbox 319 1201 1603 1252; baseline 0.009 -19"><span class='ocrx_word' id='word_1_163' title='bbox 319 1201 470 1244; x_wconf 84' lang='lat' dir='ltr'><strong>dicimus,</strong></span> <span class='ocrx_word' id='word_1_164' title='bbox 503 1214 639 1245; x_wconf 90' lang='lat' dir='ltr'><strong>quorum</strong></span> <span class='ocrx_word' id='word_1_165' title='bbox 671 1204 860 1246; x_wconf 78' lang='lat' dir='ltr'><strong>ignoramus</strong></span> <span class='ocrx_word' id='word_1_166' title='bbox 893 1207 1054 1247; x_wconf 86' lang='lat' dir='ltr'><strong>parentes.</strong></span> <span class='ocrx_word' id='word_1_167' title='bbox 1107 1207 1165 1239; x_wconf 88' lang='lat' dir='ltr'><strong>alii</strong></span> <span class='ocrx_word' id='word_1_168' title='bbox 1195 1218 1270 1240; x_wconf 88' lang='lat' dir='ltr'><strong>vero</strong></span> <span class='ocrx_word' id='word_1_169' title='bbox 1303 1208 1414 1242; x_wconf 84' lang='lat' dir='ltr'><strong>dicunt</strong></span> <span class='ocrx_word' id='word_1_170' title='bbox 1445 1209 1603 1252; x_wconf 71' lang='lat' dir='ltr'><strong>harpyias</strong></span> 
     </span>
     <span class='ocr_line' id='line_1_26' title="bbox 319 1255 1603 1303; baseline 0.008 -15"><span class='ocrx_word' id='word_1_171' title='bbox 319 1256 404 1289; x_wconf 90' lang='lat' dir='ltr'><strong>filias</strong></span> <span class='ocrx_word' id='word_1_172' title='bbox 437 1267 507 1288; x_wconf 88' lang='lat' dir='ltr'><strong>esse</strong></span> <span class='ocrx_word' id='word_1_173' title='bbox 540 1255 756 1290; x_wconf 82' lang='lat' dir='ltr'><strong>Thaumantis</strong></span> <span class='ocrx_word' id='word_1_174' title='bbox 789 1260 822 1290; x_wconf 84' lang='lat' dir='ltr'><strong>et</strong></span> <span class='ocrx_word' id='word_1_175' title='bbox 853 1259 1013 1292; x_wconf 86' lang='lat' dir='ltr'><strong>Electrae.</strong></span> <span class='ocrx_word' id='word_1_176' title='bbox 1063 1261 1191 1301; x_wconf 78' lang='lat' dir='ltr'><strong>quidam</strong></span> <span class='ocrx_word' id='word_1_177' title='bbox 1223 1260 1355 1303; x_wconf 58' lang='lat' dir='ltr'><strong>‘pelam&#39;’</strong></span> <span class='ocrx_word' id='word_1_178' title='bbox 1386 1262 1603 1297; x_wconf 62' lang='lat' dir='ltr'><strong>admbthle&#39;ter</strong></span> 
     </span>
     <span class='ocr_line' id='line_1_27' title="bbox 318 1309 1608 1357; baseline 0.008 -17"><span class='ocrx_word' id='word_1_179' title='bbox 318 1309 485 1351; x_wconf 75' lang='lat' dir='ltr'><strong>accipiunt,</strong></span> <span class='ocrx_word' id='word_1_180' title='bbox 507 1312 542 1342; x_wconf 78' lang='lat' dir='ltr'><strong>ut</strong></span> <span class='ocrx_word' id='word_1_181' title='bbox 560 1309 668 1349; x_wconf 76' lang='lat' dir='ltr'><strong>‘belli’‚</strong></span> <span class='ocrx_word' id='word_1_182' title='bbox 690 1314 726 1343; x_wconf 74' lang='lat' dir='ltr'><strong>ut</strong></span> <span class='ocrx_word' id='word_1_183' title='bbox 744 1310 865 1353; x_wconf 79' lang='lat' dir='ltr'><strong>‘domi&#39;‚</strong></span> <span class='ocrx_word' id='word_1_184' title='bbox 883 1315 1045 1354; x_wconf 72' lang='lat' dir='ltr'><strong>propterea</strong></span> <span class='ocrx_word' id='word_1_185' title='bbox 1067 1314 1149 1354; x_wconf 82' lang='lat' dir='ltr'><strong>quod</strong></span> <span class='ocrx_word' id='word_1_186' title='bbox 1165 1324 1214 1346; x_wconf 83' lang='lat' dir='ltr'><strong>res</strong></span> <span class='ocrx_word' id='word_1_187' title='bbox 1233 1315 1267 1346; x_wconf 81' lang='lat' dir='ltr'><strong>in</strong></span> <span class='ocrx_word' id='word_1_188' title='bbox 1290 1315 1396 1348; x_wconf 73' lang='lat' dir='ltr'><strong>insula</strong></span> <span class='ocrx_word' id='word_1_189' title='bbox 1413 1316 1542 1357; x_wconf 55' lang='grc' dir='ltr'><strong>,φονίω-</strong></span> <span class='ocrx_word' id='word_1_190' title='bbox 1605 1323 1608 1328; x_wconf 90' lang='grc'><em>“</em></span> 
     </span>
     <span class='ocr_line' id='line_1_28' title="bbox 318 1362 1259 1406; baseline 0.005 -12"><span class='ocrx_word' id='word_1_191' title='bbox 318 1375 453 1395; x_wconf 62' lang='lat' dir='ltr'><strong>sosoma</strong></span> <span class='ocrx_word' id='word_1_192' title='bbox 475 1365 645 1402; x_wconf 72' lang='lat' dir='ltr'><strong>cruentare.</strong></span> <span class='ocrx_word' id='word_1_193' title='bbox 689 1364 818 1397; x_wconf 76' lang='lat' dir='ltr'><strong>Ennius</strong></span> <span class='ocrx_word' id='word_1_194' title='bbox 838 1362 942 1405; x_wconf 72' lang='lat' dir='ltr'><strong>ferro</strong></span> <span class='ocrx_word' id='word_1_195' title='bbox 962 1366 1107 1406; x_wconf 78' lang='lat' dir='ltr'><strong>foedati</strong></span> <span class='ocrx_word' id='word_1_196' title='bbox 1128 1367 1259 1399; x_wconf 76' lang='lat' dir='ltr'><strong>iacent.</strong></span> 
     </span>
    </p>

    <p class='ocr_par' dir='ltr' id='par_1_11' title="bbox 317 1416 1601 1617">
     <span class='ocr_line' id='line_1_29' title="bbox 407 1416 1601 1458; baseline 0.009 -11"><span class='ocrx_word' id='word_1_197' title='bbox 407 1416 480 1448; x_wconf 82' lang='lat'><strong>242.</strong></span> <span class='ocrx_word' id='word_1_198' title='bbox 518 1425 582 1448; x_wconf 80' lang='lat' dir='ltr'><strong>vm</strong></span> <span class='ocrx_word' id='word_1_199' title='bbox 611 1426 738 1450; x_wconf 71' lang='lat' dir='ltr'><strong>anms</strong></span> <span class='ocrx_word' id='word_1_200' title='bbox 767 1426 886 1450; x_wconf 64' lang='lat' dir='ltr'><strong>vanu</strong></span> <span class='ocrx_word' id='word_1_201' title='bbox 918 1419 1066 1452; x_wconf 82' lang='lat' dir='ltr'><strong>naturale</strong></span> <span class='ocrx_word' id='word_1_202' title='bbox 1097 1420 1183 1452; x_wconf 90' lang='lat' dir='ltr'><strong>enim</strong></span> <span class='ocrx_word' id='word_1_203' title='bbox 1213 1422 1263 1453; x_wconf 86' lang='lat' dir='ltr'><strong>est</strong></span> <span class='ocrx_word' id='word_1_204' title='bbox 1292 1423 1330 1454; x_wconf 81' lang='lat' dir='ltr'><strong>ut</strong></span> <span class='ocrx_word' id='word_1_205' title='bbox 1359 1421 1471 1455; x_wconf 77' lang='lat' dir='ltr'><strong>eludat</strong></span> <span class='ocrx_word' id='word_1_206' title='bbox 1497 1421 1601 1458; x_wconf 73' lang='lat' dir='ltr'><strong>ictum</strong></span> 
     </span>
     <span class='ocr_line' id='line_1_30' title="bbox 317 1468 1600 1517; baseline 0.007 -17"><span class='ocrx_word' id='word_1_207' title='bbox 317 1468 503 1510; x_wconf 88' lang='lat' dir='ltr'><strong>plumarum</strong></span> <span class='ocrx_word' id='word_1_208' title='bbox 527 1469 661 1503; x_wconf 81' lang='lat' dir='ltr'><strong>levitas:</strong></span> <span class='ocrx_word' id='word_1_209' title='bbox 691 1471 775 1503; x_wconf 89' lang='lat' dir='ltr'><strong>unde</strong></span> <span class='ocrx_word' id='word_1_210' title='bbox 804 1473 837 1503; x_wconf 92' lang='lat' dir='ltr'><strong>et</strong></span> <span class='ocrx_word' id='word_1_211' title='bbox 864 1471 990 1505; x_wconf 85' lang='lat' dir='ltr'><strong>addidit</strong></span> <span class='ocrx_word' id='word_1_212' title='bbox 1014 1471 1175 1514; x_wconf 79' lang='lat' dir='ltr'><strong>‘plumis’.</strong></span> <span class='ocrx_word' id='word_1_213' title='bbox 1221 1484 1312 1516; x_wconf 86' lang='lat' dir='ltr'><strong>nam,</strong></span> <span class='ocrx_word' id='word_1_214' title='bbox 1339 1474 1427 1517; x_wconf 84' lang='lat' dir='ltr'><strong>quod</strong></span> <span class='ocrx_word' id='word_1_215' title='bbox 1449 1475 1600 1509; x_wconf 80' lang='lat' dir='ltr'><strong>Donatus</strong></span> 
     </span>
     <span class='ocr_line' id='line_1_31' title="bbox 319 1521 1599 1572; baseline 0.007 -18"><span class='ocrx_word' id='word_1_216' title='bbox 319 1521 410 1563; x_wconf 92' lang='lat' dir='ltr'><strong>dicit,</strong></span> <span class='ocrx_word' id='word_1_217' title='bbox 443 1523 515 1554; x_wconf 88' lang='lat' dir='ltr'><strong>ideo</strong></span> <span class='ocrx_word' id='word_1_218' title='bbox 545 1534 599 1555; x_wconf 87' lang='lat' dir='ltr'><strong>eas</strong></span> <span class='ocrx_word' id='word_1_219' title='bbox 632 1523 733 1556; x_wconf 87' lang='lat' dir='ltr'><strong>fuisse</strong></span> <span class='ocrx_word' id='word_1_220' title='bbox 763 1524 1033 1567; x_wconf 84' lang='lat' dir='ltr'><strong>invulnerabiles,</strong></span> <span class='ocrx_word' id='word_1_221' title='bbox 1065 1525 1143 1568; x_wconf 90' lang='lat' dir='ltr'><strong>quia</strong></span> <span class='ocrx_word' id='word_1_222' title='bbox 1171 1526 1210 1558; x_wconf 90' lang='lat' dir='ltr'><strong>de</strong></span> <span class='ocrx_word' id='word_1_223' title='bbox 1239 1526 1341 1570; x_wconf 81' lang='lat' dir='ltr'><strong>Styge</strong></span> <span class='ocrx_word' id='word_1_224' title='bbox 1371 1530 1464 1561; x_wconf 81' lang='lat' dir='ltr'><strong>erant</strong></span> <span class='ocrx_word' id='word_1_225' title='bbox 1491 1531 1599 1572; x_wconf 72' lang='lat' dir='ltr'><strong>natae,</strong></span> 
     </span>
     <span class='ocr_line' id='line_1_32' title="bbox 317 1575 573 1617; baseline 0.004 -10"><span class='ocrx_word' id='word_1_226' title='bbox 317 1586 384 1607; x_wconf 93' lang='lat' dir='ltr'><strong>non</strong></span> <span class='ocrx_word' id='word_1_227' title='bbox 405 1575 573 1617; x_wconf 87' lang='lat' dir='ltr'><strong>probatur.</strong></span> 
     </span>
    </p>

    <p class='ocr_par' dir='ltr' id='par_1_12' title="bbox 316 1629 1600 1727">
     <span class='ocr_line' id='line_1_33' title="bbox 406 1629 1600 1677; baseline 0.008 -17"><span class='ocrx_word' id='word_1_228' title='bbox 406 1629 481 1660; x_wconf 86' lang='lat'>244.</span> <span class='ocrx_word' id='word_1_229' title='bbox 517 1642 655 1662; x_wconf 60' lang='lat' dir='ltr'><strong>suasu</strong></span> <span class='ocrx_word' id='word_1_230' title='bbox 679 1630 912 1663; x_wconf 76' lang='lat' dir='ltr'><strong>semioomesam.</strong></span> <span class='ocrx_word' id='word_1_231' title='bbox 1003 1640 1168 1664; x_wconf 76' lang='lat' dir='ltr'><strong>VESTIGIA</strong></span> <span class='ocrx_word' id='word_1_232' title='bbox 1195 1633 1242 1665; x_wconf 83' lang='lat' dir='ltr'><strong>vel</strong></span> <span class='ocrx_word' id='word_1_233' title='bbox 1268 1634 1386 1675; x_wconf 84' lang='lat' dir='ltr'><strong>pedum</strong></span> <span class='ocrx_word' id='word_1_234' title='bbox 1414 1635 1524 1677; x_wconf 78' lang='lat' dir='ltr'><strong>signa:</strong></span> <span class='ocrx_word' id='word_1_235' title='bbox 1552 1635 1600 1670; x_wconf 71' lang='lat' dir='ltr'><strong>vel</strong></span> 
     </span>
     <span class='ocr_line' id='line_1_34' title="bbox 316 1682 1310 1727; baseline 0.005 -13"><span class='ocrx_word' id='word_1_236' title='bbox 316 1682 468 1714; x_wconf 78' lang='lat' dir='ltr'><strong>indicium</strong></span> <span class='ocrx_word' id='word_1_237' title='bbox 490 1684 642 1723; x_wconf 81' lang='lat' dir='ltr'><strong>sordium,</strong></span> <span class='ocrx_word' id='word_1_238' title='bbox 665 1683 775 1724; x_wconf 79' lang='lat' dir='ltr'><strong>quibus</strong></span> <span class='ocrx_word' id='word_1_239' title='bbox 796 1685 904 1725; x_wconf 67' lang='lat' dir='ltr'><strong>epuhzs</strong></span> <span class='ocrx_word' id='word_1_240' title='bbox 925 1685 1106 1718; x_wconf 68' lang='lat' dir='ltr'><strong>discalentoe</strong></span> <span class='ocrx_word' id='word_1_241' title='bbox 1122 1686 1310 1727; x_wconf 74' lang='lat' dir='ltr'><strong>polluebant.</strong></span> 
     </span>
    </p>
   </div>
   <div class='ocr_carea' id='block_1_8' title="bbox 318 1762 529 1768">
    <p class='ocr_par' dir='ltr' id='par_1_13' title="bbox 318 1762 529 1768">
     <span class='ocr_line' id='line_1_35' title="bbox 318 1762 529 1768; baseline 0 0"><span class='ocrx_word' id='word_1_242' title='bbox 318 1762 529 1768; x_wconf 95' lang='lat' dir='ltr'><strong> </strong></span> 
     </span>
    </p>
   </div>
   <div class='ocr_carea' id='block_1_9' title="bbox 316 1805 1627 1950">
    <p class='ocr_par' dir='ltr' id='par_1_14' title="bbox 316 1805 1627 1950">
     <span class='ocr_line' id='line_1_36' title="bbox 388 1805 1627 1874; baseline 0.006 -42"><span class='ocrx_word' id='word_1_243' title='bbox 388 1808 404 1833; x_wconf 83' lang='grc'>6</span> <span class='ocrx_word' id='word_1_244' title='bbox 422 1805 527 1841; x_wconf 89' lang='lat' dir='ltr'><strong>Pollio]</strong></span> <span class='ocrx_word' id='word_1_245' title='bbox 547 1806 610 1833; x_wconf 89' lang='lat' dir='ltr'><strong>buc.</strong></span> <span class='ocrx_word' id='word_1_246' title='bbox 629 1806 669 1833; x_wconf 88' lang='lat'><strong>111</strong></span> <span class='ocrx_word' id='word_1_247' title='bbox 687 1808 745 1840; x_wconf 79' lang='grc'><strong>861</strong></span> <span class='ocrx_word' id='word_1_248' title='bbox 763 1809 780 1833; x_wconf 87' lang='grc'>8</span> <span class='ocrx_word' id='word_1_249' title='bbox 799 1806 906 1834; x_wconf 83' lang='lat' dir='ltr'><strong>Statius</strong></span> <span class='ocrx_word' id='word_1_250' title='bbox 938 1807 1026 1835; x_wconf 84' lang='lat' dir='ltr'><strong>Theb.</strong></span> <span class='ocrx_word' id='word_1_251' title='bbox 1045 1808 1084 1835; x_wconf 91' lang='lat' dir='ltr'><strong>IV</strong></span> <span class='ocrx_word' id='word_1_252' title='bbox 1103 1809 1180 1843; x_wconf 73' lang='grc'><strong>29811</strong></span> <span class='ocrx_word' id='word_1_253' title='bbox 1199 1812 1232 1836; x_wconf 80' lang='lat'><strong>14</strong></span> <span class='ocrx_word' id='word_1_254' title='bbox 1251 1809 1301 1836; x_wconf 81' lang='lat' dir='ltr'><strong>alii</strong></span> <span class='ocrx_word' id='word_1_255' title='bbox 1319 1809 1417 1838; x_wconf 82' lang='lat' dir='ltr'><strong>dicunt</strong></span> <span class='ocrx_word' id='word_1_256' title='bbox 1435 1831 1442 1838; x_wconf 87' lang='lat'><strong>.</strong></span> <span class='ocrx_word' id='word_1_257' title='bbox 1463 1831 1470 1838; x_wconf 92' lang='lat'><strong>.</strong></span> <span class='ocrx_word' id='word_1_258' title='bbox 1489 1811 1597 1874; x_wconf 54' lang='grc' dir='ltr'><strong>,θειὴῐ</strong></span> <span class='ocrx_word' id='word_1_259' title='bbox 1619 1829 1627 1835; x_wconf 78' lang='lat'>‚</span> 
     </span>
     <span class='ocr_line' id='line_1_37' title="bbox 316 1841 1597 1880; baseline 0.006 -13"><span class='ocrx_word' id='word_1_260' title='bbox 316 1841 370 1876; x_wconf 90' lang='lat' dir='ltr'><strong>est]</strong></span> <span class='ocrx_word' id='word_1_261' title='bbox 391 1841 425 1869; x_wconf 79' lang='lat' dir='ltr'><strong>cs.</strong></span> <span class='ocrx_word' id='word_1_262' title='bbox 445 1841 516 1868; x_wconf 83' lang='lat' dir='ltr'><strong>Gen.</strong></span> <span class='ocrx_word' id='word_1_263' title='bbox 536 1843 610 1868; x_wconf 88' lang='lat' dir='ltr'><strong>noct.</strong></span> <span class='ocrx_word' id='word_1_264' title='bbox 630 1842 680 1869; x_wconf 89' lang='lat' dir='ltr'><strong>att.</strong></span> <span class='ocrx_word' id='word_1_265' title='bbox 701 1842 751 1868; x_wconf 85' lang='lat' dir='ltr'><strong>XV</strong></span> <span class='ocrx_word' id='word_1_266' title='bbox 771 1845 803 1869; x_wconf 82' lang='lat'><strong>21</strong></span> <span class='ocrx_word' id='word_1_267' title='bbox 819 1843 829 1876; x_wconf 81' lang='grc' dir='ltr'><strong>ΙΙ</strong></span> <span class='ocrx_word' id='word_1_268' title='bbox 844 1845 876 1869; x_wconf 87' lang='grc'><strong>17</strong></span> <span class='ocrx_word' id='word_1_269' title='bbox 922 1843 1107 1879; x_wconf 87' lang='lat' dir='ltr'><strong>ceanumque]</strong></span> <span class='ocrx_word' id='word_1_270' title='bbox 1125 1852 1220 1879; x_wconf 81' lang='lat' dir='ltr'><strong>georg.</strong></span> <span class='ocrx_word' id='word_1_271' title='bbox 1240 1845 1278 1872; x_wconf 90' lang='lat' dir='ltr'><strong>IV</strong></span> <span class='ocrx_word' id='word_1_272' title='bbox 1296 1848 1348 1872; x_wconf 83' lang='grc'><strong>302</strong></span> <span class='ocrx_word' id='word_1_273' title='bbox 1361 1847 1372 1880; x_wconf 81' lang='grc' dir='ltr'>Ι</span> <span class='ocrx_word' id='word_1_274' title='bbox 1387 1849 1419 1874; x_wconf 85' lang='grc'><strong>18</strong></span> <span class='ocrx_word' id='word_1_275' title='bbox 1437 1845 1479 1874; x_wconf 74' lang='lat' dir='ltr'><strong>sio</strong></span> <span class='ocrx_word' id='word_1_276' title='bbox 1544 1867 1552 1875; x_wconf 88' lang='lat'><strong>.</strong></span> <span class='ocrx_word' id='word_1_277' title='bbox 1567 1868 1574 1875; x_wconf 90' lang='lat'><strong>.</strong></span> <span class='ocrx_word' id='word_1_278' title='bbox 1589 1867 1597 1875; x_wconf 94' lang='lat'><strong>.</strong></span> 
     </span>
     <span class='ocr_line' id='line_1_38' title="bbox 316 1876 1599 1918; baseline 0.006 -16"><span class='ocrx_word' id='word_1_279' title='bbox 316 1877 459 1911; x_wconf 75' lang='lat' dir='ltr'><strong>parentes]</strong></span> <span class='ocrx_word' id='word_1_280' title='bbox 479 1876 513 1903; x_wconf 87' lang='lat' dir='ltr'><strong>cf.</strong></span> <span class='ocrx_word' id='word_1_281' title='bbox 533 1877 596 1904; x_wconf 89' lang='lat' dir='ltr'><strong>Isid.</strong></span> <span class='ocrx_word' id='word_1_282' title='bbox 618 1885 656 1904; x_wconf 89' lang='lat' dir='ltr'><strong>or.</strong></span> <span class='ocrx_word' id='word_1_283' title='bbox 677 1877 715 1904; x_wconf 85' lang='lat' dir='ltr'><strong>IX</strong></span> <span class='ocrx_word' id='word_1_284' title='bbox 729 1881 754 1910; x_wconf 79' lang='grc'><strong>4,</strong></span> <span class='ocrx_word' id='word_1_285' title='bbox 769 1881 802 1904; x_wconf 80' lang='grc'><strong>41</strong></span> <span class='ocrx_word' id='word_1_286' title='bbox 817 1878 828 1912; x_wconf 88' lang='grc' dir='ltr'><strong>ΙΙ</strong></span> <span class='ocrx_word' id='word_1_287' title='bbox 841 1880 875 1904; x_wconf 88' lang='grc'><strong>22</strong></span> <span class='ocrx_word' id='word_1_288' title='bbox 895 1877 1014 1914; x_wconf 88' lang='lat' dir='ltr'><strong>Ennius]</strong></span> <span class='ocrx_word' id='word_1_289' title='bbox 1034 1879 1087 1906; x_wconf 89' lang='lat' dir='ltr'><strong>inc.</strong></span> <span class='ocrx_word' id='word_1_290' title='bbox 1107 1888 1181 1907; x_wconf 87' lang='lat' dir='ltr'><strong>nom.</strong></span> <span class='ocrx_word' id='word_1_291' title='bbox 1201 1880 1250 1907; x_wconf 90' lang='lat' dir='ltr'><strong>rel.</strong></span> <span class='ocrx_word' id='word_1_292' title='bbox 1265 1880 1327 1907; x_wconf 83' lang='lat' dir='ltr'><strong>LIX</strong></span> <span class='ocrx_word' id='word_1_293' title='bbox 1345 1889 1390 1916; x_wconf 84' lang='lat' dir='ltr'><strong>ap.</strong></span> <span class='ocrx_word' id='word_1_294' title='bbox 1403 1881 1486 1909; x_wconf 80' lang='lat' dir='ltr'><strong>Ribb.</strong></span> <span class='ocrx_word' id='word_1_295' title='bbox 1500 1881 1545 1909; x_wconf 84' lang='lat' dir='ltr'><strong>ed.</strong></span> <span class='ocrx_word' id='word_1_296' title='bbox 1561 1882 1599 1918; x_wconf 85' lang='lat'><strong>11,</strong></span> 
     </span>
     <span class='ocr_line' id='line_1_39' title="bbox 318 1911 1414 1950; baseline 0.005 -12"><span class='ocrx_word' id='word_1_297' title='bbox 318 1911 409 1938; x_wconf 87' lang='lat' dir='ltr'>XXIII</span> <span class='ocrx_word' id='word_1_298' title='bbox 428 1920 473 1946; x_wconf 89' lang='lat' dir='ltr'><strong>ap.</strong></span> <span class='ocrx_word' id='word_1_299' title='bbox 493 1912 577 1939; x_wconf 84' lang='lat' dir='ltr'><strong>Vahl.</strong></span> <span class='ocrx_word' id='word_1_300' title='bbox 591 1913 601 1946; x_wconf 92' lang='grc' dir='ltr'>Ι</span> <span class='ocrx_word' id='word_1_301' title='bbox 615 1916 648 1940; x_wconf 74' lang='grc'><strong>27</strong></span> <span class='ocrx_word' id='word_1_302' title='bbox 668 1912 798 1948; x_wconf 82' lang='lat' dir='ltr'><strong>Vestigia</strong></span> <span class='ocrx_word' id='word_1_303' title='bbox 815 1913 919 1948; x_wconf 83' lang='lat' dir='ltr'><strong>pedum</strong></span> <span class='ocrx_word' id='word_1_304' title='bbox 937 1913 1030 1950; x_wconf 77' lang='lat' dir='ltr'><strong>signa]</strong></span> <span class='ocrx_word' id='word_1_305' title='bbox 1050 1914 1084 1941; x_wconf 77' lang='lat' dir='ltr'><strong>cf.</strong></span> <span class='ocrx_word' id='word_1_306' title='bbox 1105 1914 1170 1942; x_wconf 87' lang='lat' dir='ltr'><strong>Isid.</strong></span> <span class='ocrx_word' id='word_1_307' title='bbox 1189 1924 1228 1943; x_wconf 90' lang='lat' dir='ltr'><strong>or.</strong></span> <span class='ocrx_word' id='word_1_308' title='bbox 1247 1915 1299 1943; x_wconf 86' lang='lat' dir='ltr'><strong>XV</strong></span> <span class='ocrx_word' id='word_1_309' title='bbox 1319 1919 1360 1950; x_wconf 75' lang='lat'><strong>1⁶,</strong></span> <span class='ocrx_word' id='word_1_310' title='bbox 1381 1919 1414 1944; x_wconf 71' lang='lat'><strong>18</strong></span> 
     </span>
    </p>
   </div>
   <div class='ocr_carea' id='block_1_10' title="bbox 316 1984 528 1990">
    <p class='ocr_par' dir='ltr' id='par_1_15' title="bbox 316 1984 528 1990">
     <span class='ocr_line' id='line_1_40' title="bbox 316 1984 528 1990; baseline 0 0"><span class='ocrx_word' id='word_1_311' title='bbox 316 1984 528 1990; x_wconf 95' lang='lat' dir='ltr'><strong> </strong></span> 
     </span>
    </p>
   </div>
   <div class='ocr_carea' id='block_1_11' title="bbox 316 2027 1596 2135">
    <p class='ocr_par' dir='ltr' id='par_1_16' title="bbox 316 2027 1596 2135">
     <span class='ocr_line' id='line_1_41' title="bbox 387 2027 1596 2072; baseline 0.006 -19"><span class='ocrx_word' id='word_1_312' title='bbox 387 2030 401 2053; x_wconf 92' lang='lat'>1</span> <span class='ocrx_word' id='word_1_313' title='bbox 422 2027 476 2054; x_wconf 89' lang='lat' dir='ltr'><strong>hoc</strong></span> <span class='ocrx_word' id='word_1_314' title='bbox 494 2029 538 2054; x_wconf 90' lang='lat' dir='ltr'><strong>est</strong></span> <span class='ocrx_word' id='word_1_315' title='bbox 555 2028 617 2055; x_wconf 83' lang='lat' dir='ltr'><strong>hab.</strong></span> <span class='ocrx_word' id='word_1_316' title='bbox 639 2028 663 2055; x_wconf 83' lang='grc'><em>0</em></span> <span class='ocrx_word' id='word_1_317' title='bbox 677 2029 687 2062; x_wconf 77' lang='lat' dir='ltr'>ss</span> <span class='ocrx_word' id='word_1_318' title='bbox 706 2027 779 2055; x_wconf 87' lang='lat' dir='ltr'><strong>sicut</strong></span> <span class='ocrx_word' id='word_1_319' title='bbox 796 2029 826 2055; x_wconf 91' lang='lat' dir='ltr'><strong>et</strong></span> <span class='ocrx_word' id='word_1_320' title='bbox 844 2027 902 2055; x_wconf 79' lang='lat' dir='ltr'><strong>FO</strong></span> <span class='ocrx_word' id='word_1_321' title='bbox 911 2029 923 2069; x_wconf 72' lang='lat' dir='ltr'><strong>j]</strong></span> <span class='ocrx_word' id='word_1_322' title='bbox 941 2031 957 2055; x_wconf 83' lang='lat'><strong>3</strong></span> <span class='ocrx_word' id='word_1_323' title='bbox 977 2029 1014 2055; x_wconf 84' lang='lat' dir='ltr'><strong>ad</strong></span> <span class='ocrx_word' id='word_1_324' title='bbox 1033 2029 1145 2070; x_wconf 74' lang='lat' dir='ltr'><strong>signum</strong></span> <span class='ocrx_word' id='word_1_325' title='bbox 1162 2038 1324 2064; x_wconf 52' lang='lat' dir='ltr'><strong>supa-vers.</strong></span> <span class='ocrx_word' id='word_1_326' title='bbox 1345 2030 1455 2059; x_wconf 72' lang='lat' dir='ltr'><strong>scilicet</strong></span> <span class='ocrx_word' id='word_1_327' title='bbox 1471 2031 1596 2072; x_wconf 69' lang='lat' dir='ltr'><strong>militare</strong></span> 
     </span>
     <span class='ocr_line' id='line_1_42' title="bbox 318 2061 1596 2104; baseline 0.005 -16"><span class='ocrx_word' id='word_1_328' title='bbox 318 2061 342 2087; x_wconf 89' lang='lat' dir='ltr'><strong>T</strong></span> <span class='ocrx_word' id='word_1_329' title='bbox 353 2062 364 2096; x_wconf 69' lang='grc' dir='ltr'><strong>ΙΙ</strong></span> <span class='ocrx_word' id='word_1_330' title='bbox 382 2065 399 2088; x_wconf 83' lang='lat'>4</span> <span class='ocrx_word' id='word_1_331' title='bbox 417 2062 561 2089; x_wconf 87' lang='lat' dir='ltr'><strong>tubicinen</strong></span> <span class='ocrx_word' id='word_1_332' title='bbox 581 2063 612 2090; x_wconf 80' lang='lat' dir='ltr'><strong><em>F</em></strong></span> <span class='ocrx_word' id='word_1_333' title='bbox 636 2063 791 2099; x_wconf 69' lang='lat' dir='ltr'><strong>tubicssssen</strong></span> <span class='ocrx_word' id='word_1_334' title='bbox 810 2063 835 2090; x_wconf 80' lang='lat'><em>0</em></span> <span class='ocrx_word' id='word_1_335' title='bbox 850 2064 860 2099; x_wconf 76' lang='grc' dir='ltr'><strong>ΙΙ</strong></span> <span class='ocrx_word' id='word_1_336' title='bbox 877 2063 951 2090; x_wconf 79' lang='lat' dir='ltr'><strong>filius</strong></span> <span class='ocrx_word' id='word_1_337' title='bbox 975 2063 1061 2091; x_wconf 74' lang='lat' dir='ltr'><strong>fuisse</strong></span> <span class='ocrx_word' id='word_1_338' title='bbox 1079 2064 1182 2092; x_wconf 79' lang='lat' dir='ltr'><strong>dicitur</strong></span> <span class='ocrx_word' id='word_1_339' title='bbox 1195 2065 1254 2093; x_wconf 72' lang='lat' dir='ltr'><strong>Fa</strong></span> <span class='ocrx_word' id='word_1_340' title='bbox 1268 2066 1278 2099; x_wconf 91' lang='grc' dir='ltr'>Ι</span> <span class='ocrx_word' id='word_1_341' title='bbox 1296 2065 1340 2102; x_wconf 87' lang='lat' dir='ltr'><strong>ut]</strong></span> <span class='ocrx_word' id='word_1_342' title='bbox 1359 2066 1432 2094; x_wconf 89' lang='lat' dir='ltr'><strong>unde</strong></span> <span class='ocrx_word' id='word_1_343' title='bbox 1451 2068 1494 2095; x_wconf 74' lang='lat' dir='ltr'><strong>ait</strong></span> <span class='ocrx_word' id='word_1_344' title='bbox 1511 2067 1572 2095; x_wconf 74' lang='lat'><strong>17¹0</strong></span> <span class='ocrx_word' id='word_1_345' title='bbox 1586 2067 1596 2104; x_wconf 68' lang='lat' dir='ltr'><strong>fl</strong></span> 
     </span>
     <span class='ocr_line' id='line_1_43' title="bbox 316 2097 1595 2135; baseline 0.006 -12"><span class='ocrx_word' id='word_1_346' title='bbox 316 2099 331 2122; x_wconf 83' lang='grc'><strong>6</strong></span> <span class='ocrx_word' id='word_1_347' title='bbox 351 2097 457 2130; x_wconf 86' lang='lat' dir='ltr'><strong>apollio</strong></span> <span class='ocrx_word' id='word_1_348' title='bbox 478 2098 501 2124; x_wconf 82' lang='lat'><em>0</em></span> <span class='ocrx_word' id='word_1_349' title='bbox 520 2099 530 2132; x_wconf 77' lang='grc'><strong>11</strong></span> <span class='ocrx_word' id='word_1_350' title='bbox 555 2102 587 2125; x_wconf 83' lang='grc'><strong>13</strong></span> <span class='ocrx_word' id='word_1_351' title='bbox 606 2099 775 2126; x_wconf 78' lang='lat' dir='ltr'><strong>habitabant</strong></span> <span class='ocrx_word' id='word_1_352' title='bbox 795 2099 818 2126; x_wconf 81' lang='lat' dir='ltr'><em>G</em></span> <span class='ocrx_word' id='word_1_353' title='bbox 837 2099 847 2133; x_wconf 77' lang='lat' dir='ltr'>ss</span> <span class='ocrx_word' id='word_1_354' title='bbox 872 2102 904 2126; x_wconf 85' lang='lat'><strong>16</strong></span> <span class='ocrx_word' id='word_1_355' title='bbox 922 2099 1038 2127; x_wconf 89' lang='lat' dir='ltr'><strong>humore</strong></span> <span class='ocrx_word' id='word_1_356' title='bbox 1058 2099 1092 2126; x_wconf 84' lang='lat' dir='ltr'><strong><em>H</em></strong></span> <span class='ocrx_word' id='word_1_357' title='bbox 1095 2100 1132 2127; x_wconf 79' lang='lat' dir='ltr'><em>M</em></span> <span class='ocrx_word' id='word_1_358' title='bbox 1157 2109 1234 2128; x_wconf 84' lang='lat' dir='ltr'><strong>mare</strong></span> <span class='ocrx_word' id='word_1_359' title='bbox 1254 2100 1302 2135; x_wconf 73' lang='lat' dir='ltr'><strong>G&#39;fl</strong></span> <span class='ocrx_word' id='word_1_360' title='bbox 1326 2104 1358 2128; x_wconf 85' lang='grc'><strong>19</strong></span> <span class='ocrx_word' id='word_1_361' title='bbox 1378 2101 1429 2129; x_wconf 86' lang='lat' dir='ltr'><strong>alii</strong></span> <span class='ocrx_word' id='word_1_362' title='bbox 1447 2111 1514 2131; x_wconf 85' lang='lat' dir='ltr'><strong>vero</strong></span> <span class='ocrx_word' id='word_1_363' title='bbox 1533 2124 1541 2132; x_wconf 90' lang='lat'><strong>.</strong></span> <span class='ocrx_word' id='word_1_364' title='bbox 1559 2124 1567 2132; x_wconf 92' lang='lat'><strong>.</strong></span> <span class='ocrx_word' id='word_1_365' title='bbox 1586 2123 1595 2131; x_wconf 93' lang='lat'><strong>.</strong></span> 
     </span>
    </p>
   </div>
   <div class='ocr_carea' id='block_1_12' title="bbox 314 2131 1652 2173">
    <p class='ocr_par' dir='ltr' id='par_1_17' title="bbox 314 2131 1652 2173">
     <span class='ocr_line' id='line_1_44' title="bbox 314 2131 1652 2173; baseline 0.007 -15"><span class='ocrx_word' id='word_1_366' title='bbox 314 2131 443 2159; x_wconf 84' lang='lat' dir='ltr'><strong>Electrae</strong></span> <span class='ocrx_word' id='word_1_367' title='bbox 458 2136 523 2166; x_wconf 78' lang='lat' dir='ltr'><strong>post</strong></span> <span class='ocrx_word' id='word_1_368' title='bbox 541 2134 676 2167; x_wconf 82' lang='lat' dir='ltr'><strong>probatur</strong></span> <span class='ocrx_word' id='word_1_369' title='bbox 695 2135 754 2168; x_wconf 78' lang='lat' dir='ltr'><strong>(lin.</strong></span> <span class='ocrx_word' id='word_1_370' title='bbox 775 2135 820 2167; x_wconf 87' lang='grc'><strong>26)</strong></span> <span class='ocrx_word' id='word_1_371' title='bbox 838 2135 900 2161; x_wconf 81' lang='lat' dir='ltr'><strong>hab.</strong></span> <span class='ocrx_word' id='word_1_372' title='bbox 921 2134 952 2161; x_wconf 86' lang='lat' dir='ltr'><em>F</em></span> <span class='ocrx_word' id='word_1_373' title='bbox 966 2136 977 2169; x_wconf 74' lang='grc' dir='ltr'><strong>Ι]</strong></span> <span class='ocrx_word' id='word_1_374' title='bbox 995 2143 1061 2162; x_wconf 84' lang='lat' dir='ltr'><strong>vero</strong></span> <span class='ocrx_word' id='word_1_375' title='bbox 1080 2143 1130 2162; x_wconf 87' lang='lat' dir='ltr'><strong>om.</strong></span> <span class='ocrx_word' id='word_1_376' title='bbox 1149 2135 1215 2162; x_wconf 88' lang='lat' dir='ltr'><strong>LH</strong></span> <span class='ocrx_word' id='word_1_377' title='bbox 1223 2137 1234 2170; x_wconf 75' lang='lat' dir='ltr'>fl</span> <span class='ocrx_word' id='word_1_378' title='bbox 1247 2139 1282 2163; x_wconf 87' lang='grc'><strong>20</strong></span> <span class='ocrx_word' id='word_1_379' title='bbox 1300 2135 1442 2173; x_wconf 84' lang='lat' dir='ltr'><strong>Electrae]</strong></span> <span class='ocrx_word' id='word_1_380' title='bbox 1462 2146 1534 2172; x_wconf 71' lang='lat' dir='ltr'><strong>quae</strong></span> <span class='ocrx_word' id='word_1_381' title='bbox 1552 2138 1594 2167; x_wconf 78' lang='lat' dir='ltr'><strong>sic</strong></span> <span class='ocrx_word' id='word_1_382' title='bbox 1650 2139 1652 2141; x_wconf 76' lang='grc'>’</span> 
     </span>
    </p>
   </div>
   <div class='ocr_carea' id='block_1_13' title="bbox 313 2166 1604 2415">
    <p class='ocr_par' dir='ltr' id='par_1_18' title="bbox 313 2166 1604 2415">
     <span class='ocr_line' id='line_1_45' title="bbox 314 2166 1596 2211; baseline 0.006 -18"><span class='ocrx_word' id='word_1_383' title='bbox 314 2166 444 2194; x_wconf 85' lang='lat' dir='ltr'><strong>dicuntur</strong></span> <span class='ocrx_word' id='word_1_384' title='bbox 459 2168 532 2195; x_wconf 87' lang='lat' dir='ltr'><strong>elloo</strong></span> <span class='ocrx_word' id='word_1_385' title='bbox 548 2169 656 2202; x_wconf 82' lang='lat' dir='ltr'><strong>cypodo</strong></span> <span class='ocrx_word' id='word_1_386' title='bbox 671 2169 792 2204; x_wconf 86' lang='lat' dir='ltr'><strong>podarce</strong></span> <span class='ocrx_word' id='word_1_387' title='bbox 806 2178 891 2204; x_wconf 84' lang='lat' dir='ltr'><strong>quam</strong></span> <span class='ocrx_word' id='word_1_388' title='bbox 900 2170 1036 2204; x_wconf 82' lang='lat' dir='ltr'><strong>Virgilius</strong></span> <span class='ocrx_word' id='word_1_389' title='bbox 1050 2170 1146 2198; x_wconf 86' lang='lat' dir='ltr'><strong>celeno</strong></span> <span class='ocrx_word' id='word_1_390' title='bbox 1155 2171 1245 2198; x_wconf 79' lang='lat' dir='ltr'><strong>Lione</strong></span> <span class='ocrx_word' id='word_1_391' title='bbox 1255 2174 1317 2198; x_wconf 67' lang='lat' dir='ltr'><strong>teste</strong></span> <span class='ocrx_word' id='word_1_392' title='bbox 1327 2173 1391 2200; x_wconf 80' lang='lat' dir='ltr'><strong>add.</strong></span> <span class='ocrx_word' id='word_1_393' title='bbox 1403 2173 1541 2207; x_wconf 74' lang='lat' dir='ltr'><strong>Guelferb.</strong></span> <span class='ocrx_word' id='word_1_394' title='bbox 1553 2173 1572 2201; x_wconf 83' lang='lat'><em>1</em></span> <span class='ocrx_word' id='word_1_395' title='bbox 1585 2173 1596 2211; x_wconf 80' lang='grc' dir='ltr'><strong>ΙΙ</strong></span> 
     </span>
     <span class='ocr_line' id='line_1_46' title="bbox 315 2202 1594 2240; baseline 0.007 -12"><span class='ocrx_word' id='word_1_396' title='bbox 315 2205 349 2228; x_wconf 87' lang='grc' dir='ltr'><strong>2ο</strong></span> <span class='ocrx_word' id='word_1_397' title='bbox 367 2202 399 2228; x_wconf 90' lang='lat' dir='ltr'><strong>ut</strong></span> <span class='ocrx_word' id='word_1_398' title='bbox 417 2202 531 2236; x_wconf 87' lang='lat' dir='ltr'><strong>quidam</strong></span> <span class='ocrx_word' id='word_1_399' title='bbox 547 2203 598 2238; x_wconf 81' lang='lat' dir='ltr'><strong>Fu</strong></span> <span class='ocrx_word' id='word_1_400' title='bbox 612 2205 774 2232; x_wconf 84' lang='lat' dir='ltr'><strong>uerbialiter</strong></span> <span class='ocrx_word' id='word_1_401' title='bbox 788 2205 825 2237; x_wconf 82' lang='lat' dir='ltr'><strong>F,</strong></span> <span class='ocrx_word' id='word_1_402' title='bbox 843 2214 912 2232; x_wconf 86' lang='lat' dir='ltr'><strong>corr.</strong></span> <span class='ocrx_word' id='word_1_403' title='bbox 931 2205 1036 2232; x_wconf 72' lang='lat' dir='ltr'><strong>Daniel</strong></span> <span class='ocrx_word' id='word_1_404' title='bbox 1048 2206 1058 2240; x_wconf 75' lang='lat' dir='ltr'>fl</span> <span class='ocrx_word' id='word_1_405' title='bbox 1071 2208 1105 2232; x_wconf 84' lang='grc'><strong>21</strong></span> <span class='ocrx_word' id='word_1_406' title='bbox 1120 2205 1193 2238; x_wconf 81' lang='lat' dir='ltr'><strong>belle</strong></span> <span class='ocrx_word' id='word_1_407' title='bbox 1204 2206 1242 2240; x_wconf 77' lang='lat' dir='ltr'><strong>F,</strong></span> <span class='ocrx_word' id='word_1_408' title='bbox 1260 2214 1328 2234; x_wconf 79' lang='lat' dir='ltr'><strong>corr.</strong></span> <span class='ocrx_word' id='word_1_409' title='bbox 1341 2207 1524 2236; x_wconf 69' lang='lat' dir='ltr'><strong>Gommels&#39;m</strong></span> <span class='ocrx_word' id='word_1_410' title='bbox 1559 2212 1594 2238; x_wconf 74' lang='grc'><strong>22</strong></span> 
     </span>
     <span class='ocr_line' id='line_1_47' title="bbox 314 2236 1604 2282; baseline 0.006 -18"><span class='ocrx_word' id='word_1_411' title='bbox 314 2238 352 2264; x_wconf 79' lang='lat' dir='ltr'><strong>ad</strong></span> <span class='ocrx_word' id='word_1_412' title='bbox 374 2236 488 2265; x_wconf 82' lang='lat' dir='ltr'><strong>foedare</strong></span> <span class='ocrx_word' id='word_1_413' title='bbox 506 2247 582 2272; x_wconf 78' lang='lat' dir='ltr'><strong>supr.</strong></span> <span class='ocrx_word' id='word_1_414' title='bbox 602 2248 669 2266; x_wconf 84' lang='lat' dir='ltr'><strong>vers.</strong></span> <span class='ocrx_word' id='word_1_415' title='bbox 690 2241 835 2267; x_wconf 87' lang='lat' dir='ltr'><strong>cruentare</strong></span> <span class='ocrx_word' id='word_1_416' title='bbox 857 2241 883 2267; x_wconf 87' lang='lat' dir='ltr'><strong>T</strong></span> <span class='ocrx_word' id='word_1_417' title='bbox 903 2242 913 2274; x_wconf 79' lang='grc' dir='ltr'><strong>ΙΙ</strong></span> <span class='ocrx_word' id='word_1_418' title='bbox 934 2240 1040 2268; x_wconf 83' lang='lat' dir='ltr'><strong>Ennius</strong></span> <span class='ocrx_word' id='word_1_419' title='bbox 1059 2241 1132 2268; x_wconf 80' lang='lat' dir='ltr'><strong>ferro</strong></span> <span class='ocrx_word' id='word_1_420' title='bbox 1150 2241 1258 2269; x_wconf 80' lang='lat' dir='ltr'><strong>foedati</strong></span> <span class='ocrx_word' id='word_1_421' title='bbox 1275 2242 1369 2270; x_wconf 79' lang='lat' dir='ltr'><strong>iacent</strong></span> <span class='ocrx_word' id='word_1_422' title='bbox 1387 2243 1512 2272; x_wconf 71' lang='lat' dir='ltr'><strong>Ambrae.</strong></span> <span class='ocrx_word' id='word_1_423' title='bbox 1558 2247 1604 2282; x_wconf 54' lang='lat'><strong>24⁴</strong></span> 
     </span>
     <span class='ocr_line' id='line_1_48' title="bbox 313 2273 1592 2313; baseline 0.007 -14"><span class='ocrx_word' id='word_1_424' title='bbox 313 2273 440 2300; x_wconf 84' lang='lat' dir='ltr'><strong>Donatus</strong></span> <span class='ocrx_word' id='word_1_425' title='bbox 457 2273 539 2309; x_wconf 85' lang='lat' dir='ltr'><strong>dicit]</strong></span> <span class='ocrx_word' id='word_1_426' title='bbox 559 2274 608 2301; x_wconf 87' lang='lat' dir='ltr'><strong>alii</strong></span> <span class='ocrx_word' id='word_1_427' title='bbox 627 2274 723 2302; x_wconf 83' lang='lat' dir='ltr'><strong>dicunt</strong></span> <span class='ocrx_word' id='word_1_428' title='bbox 743 2275 773 2301; x_wconf 87' lang='lat' dir='ltr'><strong><em>F</em></strong></span> <span class='ocrx_word' id='word_1_429' title='bbox 783 2276 793 2309; x_wconf 81' lang='lat' dir='ltr'>n</span> <span class='ocrx_word' id='word_1_430' title='bbox 807 2278 840 2302; x_wconf 80' lang='lat'><strong>25</strong></span> <span class='ocrx_word' id='word_1_431' title='bbox 859 2276 946 2303; x_wconf 84' lang='lat' dir='ltr'><strong>fuisse</strong></span> <span class='ocrx_word' id='word_1_432' title='bbox 965 2284 1015 2303; x_wconf 83' lang='lat' dir='ltr'><strong>om.</strong></span> <span class='ocrx_word' id='word_1_433' title='bbox 1031 2275 1188 2313; x_wconf 70' lang='lat' dir='ltr'><strong>Fuerant]</strong></span> <span class='ocrx_word' id='word_1_434' title='bbox 1207 2277 1272 2304; x_wconf 80' lang='lat' dir='ltr'><strong>sunt</strong></span> <span class='ocrx_word' id='word_1_435' title='bbox 1287 2277 1311 2304; x_wconf 83' lang='lat' dir='ltr'><strong><em>G</em></strong></span> <span class='ocrx_word' id='word_1_436' title='bbox 1321 2279 1331 2312; x_wconf 76' lang='grc' dir='ltr'><strong>ΙΙ</strong></span> <span class='ocrx_word' id='word_1_437' title='bbox 1345 2281 1378 2305; x_wconf 85' lang='grc'><strong>27</strong></span> <span class='ocrx_word' id='word_1_438' title='bbox 1397 2279 1436 2306; x_wconf 81' lang='lat' dir='ltr'><strong>ad</strong></span> <span class='ocrx_word' id='word_1_439' title='bbox 1453 2288 1592 2308; x_wconf 75' lang='lat' dir='ltr'><strong>semesam</strong></span> 
     </span>
     <span class='ocr_line' id='line_1_49' title="bbox 313 2309 1594 2351; baseline 0.006 -16"><span class='ocrx_word' id='word_1_440' title='bbox 313 2316 390 2342; x_wconf 78' lang='lat' dir='ltr'><strong>supr.</strong></span> <span class='ocrx_word' id='word_1_441' title='bbox 408 2317 475 2336; x_wconf 79' lang='lat' dir='ltr'><strong>vers.</strong></span> <span class='ocrx_word' id='word_1_442' title='bbox 495 2309 707 2336; x_wconf 82' lang='lat' dir='ltr'><strong>semicomesam</strong></span> <span class='ocrx_word' id='word_1_443' title='bbox 729 2310 754 2336; x_wconf 87' lang='grc' dir='ltr'><em>Τ</em></span> <span class='ocrx_word' id='word_1_444' title='bbox 765 2311 775 2344; x_wconf 78' lang='grc' dir='ltr'><strong>ΙΙ</strong></span> <span class='ocrx_word' id='word_1_445' title='bbox 789 2319 865 2338; x_wconf 87' lang='lat' dir='ltr'><strong>seme</strong></span> <span class='ocrx_word' id='word_1_446' title='bbox 885 2319 1024 2338; x_wconf 86' lang='lat' dir='ltr'><strong>comesam</strong></span> <span class='ocrx_word' id='word_1_447' title='bbox 1044 2311 1076 2338; x_wconf 80' lang='lat' dir='ltr'><em>F</em></span> <span class='ocrx_word' id='word_1_448' title='bbox 1085 2312 1096 2346; x_wconf 83' lang='grc' dir='ltr'>Ι</span> <span class='ocrx_word' id='word_1_449' title='bbox 1109 2312 1154 2340; x_wconf 82' lang='lat' dir='ltr'><strong>ad.</strong></span> <span class='ocrx_word' id='word_1_450' title='bbox 1173 2313 1294 2345; x_wconf 66' lang='lat' dir='ltr'><strong>vestigia</strong></span> <span class='ocrx_word' id='word_1_451' title='bbox 1312 2322 1387 2348; x_wconf 78' lang='lat' dir='ltr'><strong>supr.</strong></span> <span class='ocrx_word' id='word_1_452' title='bbox 1402 2323 1468 2343; x_wconf 78' lang='lat' dir='ltr'><strong>vers.</strong></span> <span class='ocrx_word' id='word_1_453' title='bbox 1482 2315 1531 2343; x_wconf 85' lang='lat' dir='ltr'><strong>uel</strong></span> <span class='ocrx_word' id='word_1_454' title='bbox 1543 2322 1594 2351; x_wconf 77' lang='lat' dir='ltr'><strong>pe—</strong></span> 
     </span>
     <span class='ocr_line' id='line_1_50' title="bbox 314 2344 1592 2407; baseline 0.006 -37"><span class='ocrx_word' id='word_1_455' title='bbox 314 2344 381 2370; x_wconf 87' lang='lat' dir='ltr'><strong>dum</strong></span> <span class='ocrx_word' id='word_1_456' title='bbox 404 2344 484 2379; x_wconf 81' lang='lat' dir='ltr'><strong>signa</strong></span> <span class='ocrx_word' id='word_1_457' title='bbox 506 2345 551 2372; x_wconf 86' lang='lat' dir='ltr'><strong>uel</strong></span> <span class='ocrx_word' id='word_1_458' title='bbox 576 2344 663 2407; x_wconf 47' lang='lat' dir='ltr'><strong>‹ssiam</strong></span> <span class='ocrx_word' id='word_1_459' title='bbox 681 2346 815 2372; x_wconf 83' lang='lat' dir='ltr'><strong>indicium</strong></span> <span class='ocrx_word' id='word_1_460' title='bbox 834 2347 956 2374; x_wconf 87' lang='lat' dir='ltr'><strong>sordium</strong></span> <span class='ocrx_word' id='word_1_461' title='bbox 976 2347 1076 2380; x_wconf 83' lang='lat' dir='ltr'><strong>quibus</strong></span> <span class='ocrx_word' id='word_1_462' title='bbox 1094 2346 1222 2375; x_wconf 87' lang='lat' dir='ltr'><strong>sordibus</strong></span> <span class='ocrx_word' id='word_1_463' title='bbox 1241 2347 1415 2376; x_wconf 86' lang='lat' dir='ltr'><strong>discedentes</strong></span> <span class='ocrx_word' id='word_1_464' title='bbox 1433 2349 1512 2385; x_wconf 83' lang='lat' dir='ltr'><strong>ipsae</strong></span> <span class='ocrx_word' id='word_1_465' title='bbox 1531 2351 1592 2386; x_wconf 81' lang='lat' dir='ltr'><strong>pol-</strong></span> 
     </span>
     <span class='ocr_line' id='line_1_51' title="bbox 314 2379 562 2415; baseline 0.008 -10"><span class='ocrx_word' id='word_1_466' title='bbox 314 2379 429 2406; x_wconf 87' lang='lat' dir='ltr'><strong>luebant</strong></span> <span class='ocrx_word' id='word_1_467' title='bbox 447 2380 562 2415; x_wconf 86' lang='lat' dir='ltr'><strong>aepulas</strong></span> 
     </span>
    </p>
   </div>
  </div>
 </body>
</html>
