1630 2684
442 147 555 175 COMM.
575 148 614 174 IN
633 146 741 174 VERG.
761 147 846 175 AEN.
866 147 885 173 Ι.
908 150 1055 174 138-144.
1348 146 1388 178 61

105 230 141 261 in
167 229 276 270 aliqua
303 239 336 262 re
359 229 583 270 gloriosissima
611 231 695 260 motu
723 229 855 270 quodam
883 231 911 260 et
939 228 1058 260 incessu
1088 239 1197 270 corpas
1224 239 1315 261 suum
1343 229 1389 260 ia-

105 285 198 315 ctant.
288 291 381 315 AVLA
409 282 522 315 inrisio
552 284 614 324 est3
644 282 790 324 sequitur
818 281 904 313 enim
934 281 1104 314 ‘carcere'.
1150 284 1182 314 et
1209 282 1293 314 nihil
1321 283 1390 314 tam

106 336 305 369 contrarium
328 336 356 367 si
380 335 573 377 simpliciter
595 336 836 377 intellegamus.

197 389 268 422 141.
305 397 440 421 CLAVSO
465 389 541 431 quia
564 389 729 421 dimittere
752 390 865 421 ventos
889 399 956 420 non
979 388 1083 429 ipsius
1108 390 1172 430 est,
1201 389 1257 420 sed
1280 389 1389 421 iuben-

107 443 161 475 tis.
195 445 225 475 et
244 442 299 475 hoc
316 445 360 475 est
380 442 527 483 foedere
549 445 645 474 certo
668 444 696 473 et
717 442 807 474 dare
829 442 954 474 iussus
975 441 1144 474 habenas.
1236 455 1392 474 vnmomzu

106 505 169 528 mm
191 496 294 535 otiose,
318 496 371 528 sed
385 506 444 537 per
467 496 743 536 exprobrationem,
759 498 883 536 poterat
904 496 986 527 enim
1007 496 1105 527 dicere
1124 494 1261 537 ‘vestro',
1283 496 1336 527 sed
1357 498 1392 526 ut

104 559 201 590 supra
227 559 300 581 meo
327 550 408 582 sine
438 550 589 581 numine
616 550 723 581 venti.
815 557 974 581 CARCERE
1004 557 1148 581 REGNET
1177 549 1254 581 licet
1283 560 1390 581 career

104 602 161 644 sit,
184 604 293 635 tamen
315 613 452 644 regnum
472 606 522 635 est
541 602 649 644 Aeoli3
674 602 754 634 haee
774 597 860 633 enim
884 613 943 643 pro
968 602 1096 634 adfectu
1119 601 1317 643 possidentis
1342 602 1390 633 in-

105 655 289 697 tellegenda
323 658 412 697 sunt,
443 658 480 688 ut
513 656 592 687 alibi
625 666 698 687 cum
726 655 764 686 de
792 666 866 687 rure
897 655 1082 697 loqueretur
1113 657 1203 697 post
1236 655 1390 697 aliquot

105 719 187 741 mea.
218 719 337 751 regna
369 709 503 742 videns
537 709 707 741 mirabor
738 708 891 740 aristas.
988 711 1015 740 et
1045 709 1116 741 bene
1144 719 1272 750 reanum
1299 709 1390 741 Aeoli

104 758 273 795 &stodiam
296 764 426 796 carceris
448 764 535 795 dizit.

197 817 269 849 142.
310 826 418 850 DICTO
448 825 563 849 CITIVS
594 827 660 848 non
691 818 866 858 antequam
901 815 1034 858 diceret,
1068 816 1150 848 dixit
1180 816 1266 848 enim
1295 815 1390 848 ‘haee

106 870 183 913 ait'3
212 871 268 904 sed
293 871 403 913 eitius,
430 882 526 912 quam
551 870 615 902 dici
642 872 758 912 potest.
850 879 985 902 PLACAT
1015 870 1074 902 sub
1103 870 1232 911 poetica
1259 870 1390 902 licentia

104 923 276 966 physicam
291 936 417 966 quoque
436 925 546 966 tangit
565 924 735 955 rationem.
772 935 862 955 mare
882 923 969 955 enim
987 923 1105 955 dicitur
1124 934 1194 955 esse
1208 922 1389 966 Neptunus,

106 988 201 1019 quem
225 978 374 1020 superius
398 978 481 1010 dixit
505 977 648 1019 graviter
672 979 884 1018 commotum,
909 977 985 1018 quia
998 978 1175 1018 tempestas
1191 979 1269 1009 erat.
1306 989 1390 1009 nunc

106 1031 154 1063 ait
178 1030 329 1073 ‘placat'‚
354 1032 430 1074 quia
453 1032 519 1064 iam
543 1031 648 1064 sedari
672 1033 846 1072 coeperant
869 1031 981 1062 maria.

198 1086 270 1118 143.
308 1094 511 1118 COLLECTAS
532 1088 588 1118 aut
606 1096 691 1117 nune
715 1084 849 1126 collegit
868 1086 901 1116 et
919 1084 1062 1126 fugavit,
1086 1086 1143 1117 aut
1162 1087 1237 1117 ante
1253 1097 1272 1117 a
1286 1086 1391 1118 ventis

107 1138 260 1171 collectas
288 1139 429 1182 fugavit,
459 1139 492 1172 id
522 1141 571 1171 est
598 1138 742 1171 resolvit.
835 1139 1005 1177 commus]
1031 1138 1167 1179 colliyere
1193 1140 1275 1171 enim
1297 1140 1391 1171 nubes

41 1205 50 1210 ‘
105 1192 220 1224 dicitur
248 1193 379 1232 caelum,
411 1195 448 1225 ut
478 1195 542 1225 aut
570 1193 604 1225 si
635 1202 707 1224 nox
733 1191 905 1232 pluviam
932 1203 975 1224 ne
1002 1192 1156 1233 colliyat
1182 1196 1267 1225 ante
1293 1203 1391 1225 vere-

107 1256 196 1278 mur.
294 1259 447 1282 somnove
464 1259 593 1279 almvm*
609 1257 665 1287 per
687 1246 781 1278 solem
803 1246 950 1278 serenitas
973 1246 1185 1287 intelleyenda,
1208 1247 1283 1287 quia
1305 1257 1390 1288 supe-

105 1300 174 1331 rius
205 1299 334 1331 dixerat
356 1301 526 1340 eripiunt
556 1300 678 1332 subito
710 1299 824 1331 nubes
855 1300 1065 1340 caelumque
1096 1300 1269 1341 diemque.
1321 1301 1392 1341 qui-s

106 1353 188 1385 enim
210 1353 335 1394 iqnorat
355 1354 436 1386 diem
458 1356 596 1386 constare
613 1364 671 1394 per
693 1353 812 1386 solem?
850 1356 878 1385 et
899 1363 1081 1393 consequens
1108 1356 1186 1392 erat,
1213 1356 1250 1385 ut
1273 1354 1392 1395 fugatis

107 1406 239 1438 nubibus
261 1407 307 1438 sol
329 1407 448 1439 rediret.

199 1459 272 1492 144.
308 1466 507 1493 ΟῩΜΟΤΗΟΕ’
523 1460 656 1493 nomina
676 1460 808 1492 deorum
831 1460 1022 1502 plerumque
1042 1459 1080 1491 de
1100 1460 1203 1492 causis
1223 1462 1298 1492 sunt
1316 1461 1391 1493 ficta

109 1514 149 1546 ab
178 1514 359 1556 elementis,
392 1526 473 1556 quae
501 1514 635 1546 numina
662 1514 725 1546 dici
754 1514 885 1546 voluere
914 1514 1067 1555 maiores,
1100 1516 1136 1545 ut
1166 1513 1390 1556 ‘Cymothoe'‚

107 1682 133 1709 A
160 1647 336 1709 15gg⁰edem]
356 1647 388 1674 A.
409 1646 422 1673 I
441 1650 474 1674 62
494 1648 504 1682 ΙΙ
523 1650 538 1674 9
557 1647 632 1682 post]
652 1647 715 1674 buc.
733 1647 747 1673 I
766 1650 799 1673 69
818 1647 827 1681 ΙΙ
851 1649 883 1673 19
904 1646 964 1681 aut]
984 1646 1046 1674 bue.
1066 1646 1104 1673 IX
1125 1649 1158 1673 63
1177 1647 1186 1681 ΙΙ
1205 1649 1238 1673 21
1259 1646 1390 1682 eripiunt]

182 1806 423 1842 igloriosissima
439 1806 486 1834 02.-
504 1806 705 1842 gloriosissimo
726 1806 749 1833 0
765 1807 774 1841 ΙΙ
789 1809 852 1841 post
871 1808 949 1833 motu
968 1807 1039 1833 duae
1058 1807 1163 1833 litterae
1181 1815 1275 1834 erasae
1292 1808 1324 1834 in
1344 1808 1391 1843 Oi.

110 1846 125 1869 2
146 1851 240 1870 carcer
258 1843 361 1869 BOM
372 1843 382 1877 ΙΙ
396 1843 425 1869 et
443 1851 492 1870 om.
512 1843 538 1869 L
566 1844 671 1876 (career
690 1843 719 1869 et
737 1843 757 1877 l)
772 1843 810 1876 113
831 1842 854 1868 31
874 1843 971 1883 aulasss
989 1842 1154 1876 simpliciter
1172 1842 1355 1877 intellegatur
1371 1845 1393 1871 β

108 1878 214 1919 (aulam
227 1879 293 1912 fuit)
307 1880 316 1913 ΙΙ
331 1881 347 1905 4
362 1879 399 1905 ad
412 1887 437 1905 υ
450 1881 499 1904 141
516 1878 630 1913 Clauso]
649 1878 716 1912 quia
734 1879 834 1904 uentos
849 1877 977 1904 emittere
992 1886 1047 1904 non
1068 1877 1156 1911 ipsius
1172 1879 1320 1912 potestatis
1340 1881 1390 1940 esst

110 1914 159 1941 sed.
181 1913 311 1941 iubentis
349 1913 465 1940 Cart-,ere
483 1914 593 1954 regnet]
621 1913 689 1940 licet
713 1921 806 1940 carcer
829 1913 878 1946 sit,
902 1914 998 1939 tamen
1021 1921 1138 1947 regnum
1162 1914 1204 1940 est
1227 1914 1317 1941 Aeoli.
1390 1916 1391 1939 1

109 1949 256 1977 admittere
275 1949 303 1975 B
337 1950 436 1976 uentos
456 1949 585 1976 emittere
606 1949 629 1976 C'
640 1949 670 1983 ΙΙ”
663 1949 750 1983 1psius
769 1948 917 1983 potestatis
938 1949 960 1975 O
972 1949 981 1983 ss
995 1950 1038 1975 est
1056 1949 1129 1976 aeoli
1146 1949 1174 1975 B
1203 1949 1252 1975 sed
1270 1941 1391 1977 iubentis

109 1986 233 2012 omittens
250 1985 260 2019 ΙΙ
279 1988 294 2011 6
313 1993 369 2012 non
387 1985 488 2020 otiose]
508 1984 594 2015 noti
598 1985 671 2011 eiose
692 1984 715 2011 Ο
731 1985 740 2018 ΙΙ
760 1988 774 2011 7
794 1994 910 2011 emenus
931 2005 936 2010 .
957 2005 963 2010 .
1009 1984 1091 2010 Aeoli
1110 1992 1159 2011 om.
1179 1985 1207 2010 B
1225 1986 1235 2019 Η
1256 1988 1271 2012 9
1291 1987 1323 2012 ut
1341 1994 1391 2013 om.

109 2021 141 2046 K
145 2021 169 2048 0
186 2021 258 2054 (add
276 2020 319 2054 0³)
346 2022 375 2047 et
395 2021 432 2047 M
443 2021 453 2055 ΙΙ
468 2024 501 2047 10
516 2020 624 2047 aristas.
650 2021 678 2047 et
696 2020 764 2046 alibi
784 2021 882 2054 (georg.
897 2019 935 2046 IV
952 2020 1044 2053 132)‘
1047 2029 1145 2054 regum
1165 2021 1305 2054 aequabat
1325 2030 1360 2056 op
1362 2031 1391 2048 es

111 2056 217 2083 animo'
233 2056 263 2082 D
276 2057 287 2097 1]
302 2059 333 2083 12
348 2057 386 2083 ad
399 2065 422 2082 v.
435 2059 486 2082 142
507 2056 589 2083 Dicto
604 2055 697 2090 citius]
713 2064 769 2083 non
783 2056 935 2089 antequam
949 2055 1074 2082 diceret.
1105 2055 1182 2082 .diei
1200 2057 1301 2090 p.otest
1327 2057 1391 2084 Pla-

110 2091 168 2127 eat]
195 2092 261 2125 quia
279 2092 336 2118 iam
355 2091 447 2118 sedari
471 2092 622 2126 coeperant
645 2091 741 2118 maria.
765 2091 792 2117 P
813 2091 822 2125 ΙῙ
844 2091 914 2117 haec
939 2091 979 2117 ait
1001 2077 1096 2117 dubito
1115 2100 1181 2118 num
1201 2092 1291 2118 Servii
1308 2093 1365 2119 sint
1383 2094 1391 2128 Η

111 2129 144 2154 15
163 2127 288 2162 grauiter
307 2127 378 2154 dixit
397 2136 456 2154 esse
476 2128 647 2154 commotum
666 2127 692 2153 L
705 2128 715 2161 ΙΙ
734 2130 766 2153 16
786 2127 939 2161 coeperunt
958 2126 981 2153 0
996 2127 1006 2161 ΙΙ
1026 2129 1057 2153 17
1078 2127 1114 2153 ad
1132 2136 1156 2154 v.
1172 2130 1223 2154 143
1244 2127 1390 2155 Collectas.

111 2163 253 2196 solemque
273 2162 393 2198 reducit]
412 2171 463 2197 per
482 2163 569 2189 solem
590 2185 596 2191 .
612 2185 617 2190 .
635 2184 640 2189 .
660 2163 823 2195 caelumque
843 2162 972 2195 diemque
989 2162 1016 2187 P
1028 2163 1037 2196 fl
1051 2172 1251 2192 connncmsovn
1266 2173 1354 2191 nvem
1371 2164 1394 2190 0

111 2208 264 2225 couneus.
285 2209 309 2225 N
329 2199 354 2224 L
372 2199 381 2233 ΙΙ
400 2198 510 2232 colligit
530 2199 594 2225 LH
609 2199 617 2232 ss
639 2198 693 2224 effu
695 2197 774 2232 gauit
793 2198 825 2223 K
850 2206 883 2224 30
902 2197 1013 2232 fugauit
1031 2198 1065 2224 H
1083 2199 1093 2232 ΙΙ
1117 2201 1149 2225 19
1169 2200 1219 2225 aut
1237 2207 1286 2226 om.
1309 2199 1332 2225 Ο
1362 2200 1392 2225 at

110 2241 185 2267 supr.
204 2242 270 2260 vers.
292 2234 326 2261 0²
343 2235 353 2268 fl
374 2234 509 2261 serenitas
527 2234 645 2268 intelleg
647 2207 719 2260 endga
739 2234 778 2259 P:
804 2233 982 2260 serenitatem
1001 2233 1223 2268 intellegendum
1243 2234 1267 2261 0
1285 2236 1294 2268 ΙΙ
1317 2234 1392 2268 quod

112 2269 237 2309 superius
256 2269 326 2296 dixit
341 2270 369 2295 P
381 2271 390 2304 ΙΙ
404 2273 438 2296 24
455 2271 492 2297 ad
506 2278 529 2296 v.
548 2273 598 2296 144
617 2243 785 2304 Cymothoe]
805 2268 919 2296 nomina
937 2269 1052 2295 deorum
1071 2270 1249 2297 marinorum.
1279 2270 1390 2305 Triton]

113 2303 210 2331 similis
229 2305 298 2331 deus
317 2307 439 2332 marinus
461 2326 466 2332 .
482 2326 487 2332 .
505 2305 648 2333 ,dicimus
669 2306 742 2331 enim
761 2305 791 2331 et
809 2304 926 2331 adnixus
946 2305 975 2331 et
993 2305 1110 2332 conisus.
1147 2314 1264 2340 zeugma
1283 2306 1346 2332 est.

114 2340 188 2373 quod
207 2340 323 2367 adnixus
342 2349 397 2368 non
417 2340 540 2368 conixus.
578 2341 730 2367 detrudunt
748 2348 834 2367 naues
853 2340 980 2375 scopulo,
1004 2340 1039 2367 ab
1059 2341 1114 2367 aris
1134 2341 1254 2376 scilicet,
1274 2341 1303 2368 in
1322 2327 1391 2375 quas

113 2375 164 2402 tris
182 2375 281 2403 Notus.
302 2377 329 2402 P
341 2377 350 2411 ΙΙ
369 2376 446 2403 causi
466 2376 488 2403 O
512 2385 596 2403 031133
616 2376 673 2411 0211
691 2376 767 2403 facta
788 2376 825 2402 M

1411 714 1442 737 10

1411 984 1443 1007 15

1411 1252 1444 1275 ⁴20
