1630 2684
408 142 521 170 COMM.
541 143 581 169 IN
600 142 707 170 VERG.
727 142 811 170 AEN.
832 144 850 170 I.
871 147 1019 171 alc—224.
1312 146 1355 176 85

74 225 203 266 poetica
226 236 294 257 nec
317 224 472 257 verbum
496 224 612 256 verbo
642 224 797 255 curabis
826 225 987 257 reddere
1014 226 1117 259 fidus
1146 227 1354 268 interpres3

74 278 221 319 quamvis
249 277 395 320 plerique
423 277 462 308 de
490 277 707 309 translatione
733 276 927 309 Graecitatis
959 278 1020 310 hoc
1048 279 1199 312 adserant
1224 280 1354 312 dictum.

73 330 235 363 Homerus
260 341 337 363 sane
360 331 425 362 ista
448 332 656 362 contemnens
687 333 835 371 tempora
863 331 1015 363 universa
1037 332 1201 365 describit.
1292 336 1357 366 *nr

72 397 131 416 nm
146 397 227 417 mms
242 397 320 416 mn
339 384 385 415 vel
407 384 569 423 epularum
591 384 636 415 vel
657 384 754 423 famis
776 384 821 415 vel
839 384 1006 423 malorum,
1029 395 1066 417 ex
1084 396 1143 426 quo
1158 385 1298 426 Iuppiter
1320 388 1354 418 in

72 438 154 469 caelo
175 438 222 469 ita
243 437 389 477 constitit,
411 439 447 468 ut
469 437 602 477 Libyam
624 435 820 477 respiceret*
908 446 979 469 cvm
1003 447 1165 470 vapnusn
1189 448 1352 471 Amneni:
1373 445 1389 468 5

72 499 191 523 svnfflo
215 498 431 522 DESPICIENS.
474 490 695 522 oeconomiam
719 490 817 522 istam
841 490 1016 522 secundum
1041 491 1203 523 mathesin
1226 492 1353 524 videtur

72 543 238 576 ordinasse
262 543 443 585 Vergilius;
466 554 542 575 nam
565 543 642 574 Iove
666 543 700 574 in
725 543 897 575 altitudine
923 555 980 575 sua
1003 544 1111 585 posito
1136 555 1207 576 cum
1227 544 1352 577 Venere

71 596 272 638 significatur
292 597 376 638 quod
399 608 457 638 per
480 597 649 628 mulierem
673 596 782 638 aliqua.
804 597 946 628 felicitas
970 598 1075 638 possit
1100 598 1236 629 evenire.
1274 609 1351 639 ergo

70 650 223 692 quoniam
246 650 374 682 Aeneas
398 650 432 682 in
454 652 580 691 partem
604 650 696 691 regni
720 650 912 682 admittetur
936 662 955 682 a
978 650 1106 682 Didone
1131 662 1188 692 per
1212 652 1351 683 occasio-

69 714 144 735 nem
167 704 324 746 coniugii,
353 704 473 736 idcirco
497 704 577 735 haec
600 706 698 745 poeta
721 704 899 744 praemisit.
947 715 1024 735 sane
1049 706 1081 735 et
1103 704 1184 736 illud
1209 705 1351 736 animad-
1373 712 1404 735 10

69 757 259 790 vertendum
291 758 376 799 quod
406 757 602 799 peritissime
635 756 718 788 dixit
745 756 924 788 tristiorem
953 756 1114 789 Venerem
1146 758 1246 789 fuisse
1279 769 1350 789 cun]

67 810 158 852 Iove,
188 821 227 842 ex
255 821 318 852 quo
347 811 512 852 significat
541 810 663 842 exitum
692 810 801 841 uxoris
831 810 993 841 infelicem
1021 810 1180 851 futurum3
1213 822 1288 842 nam
1317 823 1350 843 se

68 864 181 906 utique
195 862 280 895 Dido
305 860 487 896 interemits
518 863 604 905 quod
628 865 735 895 autem
756 863 953 895 Mercurium
975 864 1056 895 facit
1075 876 1094 895 a
1113 864 1188 896 Iove
1213 864 1350 896 defluen-

5 910 7 913 ’
67 919 136 949 tem
160 917 205 949 ad·
225 928 372 949 occasum
397 917 602 957 descendere,
626 917 658 948 id
683 919 733 948 est
758 917 797 948 ad
821 917 887 949 ima
910 919 1084 958 terrarum,
1109 917 1252 949 ostendit
1271 918 1349 949 ami-

0 2026 10 2035 ν,
0 1823 18 2014 πὈς-υ-Ὡινιζππε
0 1743 16 1814 κέναι·
0 1727 6 1736 v
0 1709 5 1720 a
0 1668 6 1694 „ff
0 1601 8 1661 „wo
0 1580 2 1590 Α·

66 971 161 1002 citias
184 970 314 1012 quidem
337 970 419 1012 fore,
444 970 499 1002 sed
523 970 656 1002 minime
680 970 831 1002 diuturno
856 973 1001 1011 tempore
1025 982 1221 1012 permanere.
1267 971 1348 1003 illud
1370 977 1402 1000 15

66 1024 164 1055 etiam
193 1023 415 1056 mathematici
444 1024 568 1064 dicunt,
598 1023 724 1055 Venere
748 1024 782 1054 in
806 1023 942 1064 Virgine
971 1024 1079 1065 posita
1108 1024 1348 1056 misericordem

63 1077 220 1109 feminam
243 1077 348 1109 nasci:
373 1079 469 1119 atque
492 1077 563 1108 ideo
586 1077 752 1118 Vergilius
777 1077 872 1118 fingit
896 1077 929 1108 in
952 1077 1067 1109 habitu
1092 1077 1229 1119 virginis
1254 1089 1348 1110 vena-

64 1131 156 1163 tricis
171 1131 330 1163 Venerem
350 1131 527 1162 occurrisse
547 1131 629 1172 filio,
653 1131 739 1172 quod
759 1133 792 1162 et
811 1131 1051 1163 misericordem
1071 1121 1185 1172 postea
1201 1131 1347 1172 reginam

64 1184 215 1226 probavit
230 1184 356 1216 Aeneas
376 1186 408 1215 et
432 1184 466 1216 in
485 1185 657 1216 venatione
682 1196 754 1216 cum
779 1195 817 1215 ea
840 1185 1019 1225 permixtus
1044 1187 1102 1216 est.
1184 1193 1346 1215 AETHERE

65 1246 184 1270 SVMMO
209 1238 264 1279 qui
283 1249 428 1269 summus
448 1239 509 1278 est3
536 1239 568 1268 et
591 1238 758 1279 proprium
782 1240 811 1269 et
827 1240 1010 1277 perpetuum
1033 1237 1156 1268 aetheri
1180 1237 1346 1278 epitheton
1366 1244 1400 1266 20

65 1291 166 1332 dedit,
199 1291 276 1333 quia
303 1291 454 1323 omnibus
483 1291 631 1332 superior
659 1293 721 1322 est:
754 1301 816 1322 non
847 1301 916 1331 erqo
943 1291 1034 1330 [lilasi
1060 1291 1179 1331 eleyerit
1206 1291 1348 1331 Iuppiter

66 1344 164 1376 locum
185 1345 240 1385 qui
261 1345 400 1385 superior
422 1347 473 1376 est.

153 1398 227 1430 224.
271 1406 475 1430 DESPICIENS
499 1398 650 1430 deorsum
674 1398 846 1438 aspiciens,
878 1397 959 1428 sicut
983 1396 1195 1438 ‘suspiciens'
1220 1407 1347 1428 sursum

65 1451 233 1493 aspiciens.
278 1452 457 1483 notandum
481 1462 571 1492 sane,
599 1451 675 1492 quia
699 1451 727 1482 si
751 1451 924 1492 dispiciens
954 1451 1142 1492 dixerimus,
1172 1451 1347 1492 diligenter

64 1504 231 1546 inquirens
256 1504 491 1546 significamus,
515 1505 599 1536 sicut
623 1504 743 1536 deduco
768 1506 801 1535 et
820 1504 947 1545 diduco3
972 1515 1047 1535 nam
1067 1504 1186 1535 deduco
1206 1506 1256 1535 est
1274 1515 1347 1545 pro-
1366 1510 1399 1532 25

64 1568 195 1603 sequor,
228 1557 342 1590 diduco
371 1569 447 1590 vero
476 1558 594 1589 divido.
683 1566 885 1590 VELIVOLVM
915 1557 994 1589 duas
1022 1569 1074 1589 res
1103 1558 1280 1599 significat,
1314 1560 1346 1589 et

65 1611 149 1653 quod
178 1611 259 1643 velis
289 1611 431 1653 volatur,
464 1613 500 1643 ut
527 1611 589 1644 hoc
617 1612 701 1651 loco,
735 1614 767 1643 et
795 1611 880 1653 quod
910 1612 990 1643 velis
1020 1611 1123 1652 volat,
1156 1613 1193 1642 ut
1221 1611 1345 1642 Ennius

63 1675 181 1697 naves
200 1664 406 1706 velivolas,
422 1665 477 1706 qui
492 1667 525 1696 et
539 1664 669 1706 proprie
685 1664 775 1696 dixit.
804 1667 837 1696 et
852 1667 901 1696 est
915 1659 979 1696 ista
994 1664 1158 1705 reciproca
1173 1664 1344 1695 translatio

63 1717 195 1750 navium
220 1719 253 1749 ct
276 1718 393 1750 avium.
439 1718 578 1759 legimus
603 1718 689 1748 enim
713 1720 750 1749 et
779 1718 950 1749 velorum
979 1717 1180 1758 pandimus
1205 1717 1288 1748 alas
1313 1722 1345 1747 ct

64 1772 176 1803 contra
199 1771 238 1803 de
261 1772 375 1813 apibus
399 1782 491 1803 nare
514 1782 580 1812 per
604 1772 792 1802 aestatem
816 1771 1019 1812 liquidam,
1043 1781 1113 1802 cum
1132 1771 1264 1801 natatus
1289 1781 1344 1801 na-
1365 1775 1398 1798 30

135 1898 168 1921 23
188 1905 339 1922 nesmcmss
359 1894 487 1921 deorsum
507 1893 656 1928 aspiciens]
682 1893 746 1919 Isid.
766 1901 803 1920 or.
824 1893 848 1918 X
865 1896 897 1919 76
917 1894 946 1919 et
965 1892 1022 1918 diff.
1042 1892 1116 1918 verb.
1137 1895 1169 1918 21
1193 1893 1202 1925 ss
1226 1894 1258 1917 25
1279 1900 1344 1918 nam

63 1930 171 1957 deduco
192 1952 197 1957 .
219 1951 224 1956 .
245 1952 251 1958 .
271 1930 378 1965 divido]
409 1930 473 1957 Isid.
498 1929 554 1955 diff.
575 1928 649 1955 verb.
672 1932 721 1954 156
749 1929 758 1962 ΙΙ
786 1931 818 1954 27
844 1927 971 1965 Ennius]
990 1929 1060 1961 trag.
1080 1927 1129 1954 rel.
1150 1937 1175 1960 p.
1197 1927 1243 1953 24²
1263 1927 1342 1954 Ribb.

63 1974 90 2000 p.
111 1969 161 1992 103
182 1966 263 1993 Vahl.
283 1966 317 1993 cf.
337 1965 460 1992 Maerob.
480 1965 538 1991 Sat.
559 1964 596 1991 Vl
616 1968 640 1997 5,
663 1967 694 1990 10
713 1964 722 1997 ΙΙ
741 1967 774 1989 29
795 1965 823 1990 et
841 1963 977 1997 velorum]
998 1964 1030 1989 A.
1051 1963 1089 1989 111
1109 1966 1159 1989 520
1178 1964 1187 1996 ss
1210 1965 1243 1989 30
1263 1962 1343 1997 nare]

64 2009 157 2036 georg.
178 2001 217 2028 IV
235 2004 269 2029 59

137 2120 150 2143 1
170 2118 266 2144 curaui
284 2117 310 2143 L
330 2119 409 2149 (corr.
428 2118 448 2150 l)
462 2118 471 2150 ΙΙ
490 2121 505 2142 3
527 2116 726 2149 contempnens
747 2113 837 2140 CLII
842 2114 877 2139 M
889 2114 899 2147 ΙΙ
917 2113 1064 2140 describsit
1082 2114 1113 2140 K
1118 2114 1140 2140 G
1157 2114 1166 2148 ΙΙ
1185 2116 1200 2139 8
1220 2113 1344 2147 aliquam

9 2135 15 2139 λ
65 2152 99 2178 H
101 2152 137 2179 M
142 2153 151 2179 l
164 2154 174 2187 ΙΙ
188 2156 203 2179 9
223 2153 419 2180 admitteretur
434 2153 456 2179 C
468 2153 478 2186 ΙῙ
494 2155 526 2178 10
546 2153 575 2178 et
593 2159 642 2178 om.
659 2151 690 2176 K
694 2150 717 2176 0
728 2150 738 2183 ΙΙ
754 2153 785 2176 13
805 2148 942 2175 interimit
956 2150 987 2175 K
999 2151 1008 2184 ΙΙ
1023 2149 1105 2184 facit]
1124 2149 1193 2175 dicit
1211 2157 1343 2182 superscr.

67 2187 101 2214 (ι’8
113 2188 122 2222 ΙΙ
136 2188 172 2215 ab
185 2188 248 2215 ioue
264 2189 287 2215 (J
298 2190 308 2223 ΙΙ
322 2188 470 2215 deflentem
485 2188 512 2213 B
536 2187 669 2213 fluentem
686 2186 708 2212 C'
729 2185 868 2212 defluente
882 2185 914 2211 K
925 2186 934 2219 u
951 2188 980 2211 15
1001 2185 1099 2212 diurno
1117 2186 1151 2210 M
1164 2186 1174 2218 11
1190 2188 1221 2210 16
1242 2185 1344 2211 lectum

66 2223 108 2249 est
124 2223 182 2251 BG
211 2224 415 2257 (mathematici
440 2223 538 2250 dieunt
557 2222 601 2256 0³)
624 2223 633 2255 ss
663 2225 694 2248 16
714 2223 843 2253 uenere&
865 2220 888 2247 Ο
918 2229 1048 2247 uenerem
1067 2221 1092 2246 L
1115 2221 1124 2254 ΙΙ
1152 2220 1272 2254 positam
1292 2220 1336 2252 L¹

66 2261 100 2284 23
118 2259 155 2286 ad
172 2267 196 2285 υ.
216 2262 268 2286 224
292 2259 465 2294 Despieiens]
495 2259 622 2286 deorsum
647 2256 798 2291 aspiciens,
824 2256 897 2283 sicut
920 2256 1073 2290 suspiciens
1097 2265 1204 2282 sursum
1228 2255 1342 2295 (susum)

66 2293 209 2335 aspiciens.
246 2295 418 2329 Veliuolum]
439 2295 512 2335 quod
531 2294 601 2320 uelis
620 2293 738 2319 uolatur.
776 2293 805 2337 et
823 2292 1026 2333 est-reciproca
1046 2291 1211 2339 metaphora
1230 2298 1342 2340 nauipm
1363 2334 1375 2341 st

67 2328 96 2354 et
114 2337 215 2356 auium.
237 2331 264 2356 P
275 2331 285 2365 ss
300 2334 331 2357 27
352 2330 463 2357 volatur
481 2330 510 2356 id
529 2330 571 2356 est
589 2330 745 2355 transeatur
761 2328 911 2355 Fabricius
924 2329 933 2362 ΙΙ
948 2330 981 2354 28
1001 2335 1099 2353 nauius
1115 2328 1134 2353 L
1160 2328 1255 2360 (naues
1272 2325 1294 2351 C
1304 2327 1375 2377 ,ξυμ

66 2363 126 2399 qui]
145 2365 219 2398 quod
239 2366 393 2393 Masvicius
411 2366 420 2399 ss
444 2369 478 2392 30
497 2365 596 2392 auibus
616 2364 679 2390 LH
696 2364 774 2397 (corr.
795 2364 814 2397 l)
