1722 2670
479 127 592 156 COMM.
611 127 651 155 IN
669 126 778 156 VERG.
797 127 880 155 AEN.
901 127 947 155 111.
967 129 1117 154 453-467,
1368 127 1434 159 423

155 211 286 245 omnia
313 211 438 244 vincit
464 209 594 251 Amor,
626 211 664 253 et
690 220 758 241 nos
787 209 962 241 cedamus
992 208 1139 250 Amori,
1168 209 1246 241 item
1275 209 1325 250 <X
1349 208 1435 249 394>

108 280 110 282 ·
154 266 193 297 at
222 265 300 297 tibi
328 263 519 306 Thymbre
550 265 665 304 caput
691 262 914 294 Euandrius
946 262 1112 311 abstth
1142 262 1256 294 ensis.
1356 270 1435 293 ELE-

146 327 296 351 PHANTO
320 329 380 360 pro
404 317 501 349 ebore
525 316 648 357 posuit:
672 314 793 347 Graece
817 315 908 347 dixit.
1246 356 1249 360 ι

242 371 318 404 465.
355 379 477 404 STIPAT
507 369 633 402 denset:
666 369 750 401 unde
779 369 953 411 stipatores
983 368 1133 400 dicuntur
1162 369 1217 410 qui
1242 369 1274 400 in
1298 368 1435 400 navibus

154 427 348 468 conponunt,
373 436 393 456 a
416 423 509 465 stipa.

242 479 318 512 466.
354 485 568 510 DODONAEOS
599 476 634 508 id
662 478 707 508 est
733 475 934 518 Epstoticos,
965 487 984 507 a
1012 475 1143 507 civitate
1173 474 1266 516 Epiri
1290 475 1436 508 Dodona.

154 532 300 565 laudavit
328 543 347 564 a
374 530 521 572 regione,
549 531 585 561 ut
612 540 691 562 vasa
714 527 893 562 Corinthia.
938 529 1066 570 quidam
1093 529 1199 560 dicunt
1221 529 1283 560 ita:
1311 529 1364 560 ubi
1386 539 1437 560 aes

154 586 264 627 optime
288 585 409 626 fusum,
437 584 517 616 sicut
542 586 571 615 et
597 584 683 624 apud
705 582 905 615 Corinthum:
932 583 978 614 vel
1002 581 1211 614 ‘Dodonacos'
1239 583 1343 623 quales
1365 585 1438 615 sunt

144 638 189 672 *in
212 639 319 683 templo
342 638 506 671 Dodonaei
527 636 621 669 Iovis.
666 636 738 668 haec
761 638 863 668 autem
885 636 968 677 reqio
990 636 1026 667 in
1048 635 1164 676 finibus
1187 636 1366 668 Aetolorum
1385 639 1436 678 est,

153 692 208 725 ubi
229 692 299 724 Iom'
323 694 351 723 et
379 691 488 724 Veneri
511 690 656 729 templum
678 700 699 721 a
722 689 869 721 veteribus
890 689 997 729 fuerat
1019 691 1233 721 consecratum.
1279 690 1360 721 circa
1383 689 1438 721 hoc

154 745 300 787 templum
322 754 448 786 quercus
470 744 610 776 inmanis
631 744 728 783 fuisse
750 743 873 781 dicitur,
896 753 933 774 ex
955 743 1043 774 cuius
1065 742 1221 774 radicibus
1237 743 1309 783 fons
1328 753 1437 774 mana-

153 799 213 839 bat,
235 799 290 840 qui
311 809 367 831 suo
390 808 548 830 murmure
570 797 720 829 instinctu
743 797 868 828 deorum
886 796 1015 828 diversis
1034 796 1162 828 oracula
1179 796 1336 828 reddebat:
1360 807 1438 837 quae

153 863 318 885 murmura
348 862 430 884 anus
457 851 562 883 Pelias
589 851 714 882 nominc
740 850 940 891 interpretata
967 849 1142 881 hominibus
1170 849 1341 881 disserebat.
1387 850 1440 889 scd

154 917 224 939 cum
246 906 296 938 hic
319 906 391 938 ordo
415 905 611 937 oraculorum
629 914 687 945 per
709 904 809 935 multa
834 905 969 944 tempora
991 903 1132 944 stetisset,
1155 903 1193 935 ab
1216 903 1298 934 Arce
1321 903 1439 935 latrone

154 959 271 1001 Illyrio
294 959 392 992 excidi
413 968 541 1000 quercus
558 959 722 999 praecepta
744 959 802 995 est;
826 957 907 988 unde
922 957 1041 996 factum
1060 961 1111 995 est,
1133 959 1168 988 ut
1180 958 1289 997 postea
1305 956 1438 996 fatidica

154 1023 319 1046 murmura
341 1014 499 1045 cessarent.
532 1013 684 1043 narratur
701 1013 729 1042 et
747 1010 837 1042 aliter
853 1010 980 1050 fabula:
1003 1009 1145 1050 Iuppiter
1162 1010 1317 1050 quondam
1331 1010 1438 1042 Hebae

153 1067 240 1109 filiae
269 1066 377 1098 tribuit
406 1065 485 1097 duas
515 1064 670 1096 columbas
698 1063 870 1095 humanam
899 1073 998 1095 vocem
1028 1064 1157 1104 edentes,
1186 1073 1320 1104 quarum
1338 1064 1438 1095 altera

150 1120 324 1162 provolavit
355 1120 389 1151 in
411 1111 566 1151 ¹Dodonae
598 1117 809 1159 ylandiferam
839 1117 950 1149 silvam
977 1117 1075 1157 Epiri
1111 1117 1211 1157 ibique
1244 1118 1377 1150 consedit
1403 1119 1438 1149 in

154 1174 262 1206 arbore
284 1173 439 1206 altissima
458 1172 667 1213 praecepitque
690 1172 718 1203 ei
740 1171 794 1211 qui
820 1173 885 1203 tum
908 1181 976 1202 eam
998 1170 1176 1209 succidebat,
1199 1173 1235 1202 ut
1256 1170 1295 1202 ab
1313 1173 1438 1203 sacrata

153 1237 265 1268 quercu
290 1227 410 1267 ferrum
437 1227 619 1267 sacrilequm
647 1225 839 1258 submoveret.
885 1224 929 1256 ibi
953 1224 1111 1256 oraculum
1134 1223 1219 1256 Iovis
1241 1226 1438 1257 constitutum

155 1283 211 1320 est,
234 1281 270 1313 in
292 1291 351 1322 quo
374 1283 449 1312 sunt
469 1290 545 1312 vasa
568 1290 676 1320 aenea,
704 1289 782 1319 quae
804 1288 865 1310 uno
890 1280 972 1309 tactu
994 1278 1140 1309 universa
1163 1278 1299 1310 solebant
1319 1289 1437 1310 sonare.

153 1334 254 1367 altera
279 1336 383 1366 autem
410 1333 549 1366 columba
575 1333 711 1374 pervenit
733 1333 768 1363 in
791 1331 923 1372 Libyam
951 1333 980 1363 et
1006 1331 1049 1362 ibi
1076 1332 1209 1363 consedit
1234 1342 1326 1372 super
1347 1334 1440 1372 caput

155 1389 263 1420 arietis
288 1388 502 1428 praecepitque
533 1389 568 1418 ut
599 1386 685 1418 Iovis
717 1386 882 1418 Ammonis
914 1385 1074 1417 oraculum
1105 1385 1342 1417 constitueretur.

157 1449 316 1474 LEBETAS
347 1440 430 1473 ollas
455 1451 575 1472 aereas.
621 1439 744 1471 Graece
768 1439 862 1480 dixit3
891 1450 997 1470 zemas
1022 1439 1108 1470 enim
1131 1438 1266 1480 vulgare
1290 1440 1349 1480 est,
1372 1450 1438 1470 non

155 1494 318 1527 Latinum.

247 1547 322 1580 467.
360 1556 468 1579 mnus
496 1556 662 1585 AVROQVE
696 1546 804 1578 hamis
838 1546 960 1587 aureis,
993 1546 1031 1578 ἓν
1059 1543 1115 1577 διὰ
1144 1546 1251 1590 δυοῖν.
1299 1545 1436 1577 ‘hamis'

229 1657 242 1680 1
263 1652 369 1688 omnia]
395 1653 456 1680 buc.
477 1653 501 1679 X
521 1655 554 1679 69
582 1653 591 1686 11
622 1654 639 1678 4
658 1651 730 1678 unde
751 1673 757 1678 .
778 1672 783 1678 .
803 1670 810 1678 .
830 1660 847 1678 a
870 1651 955 1686 stipa]
980 1659 1066 1678 exscr.
1091 1651 1156 1678 Isid.
1179 1659 1218 1678 or.
1239 1651 1303 1677 XIX
1322 1654 1369 1684 27,
1394 1654 1409 1677 2
1428 1651 1437 1685 11

161 1693 193 1717 16
212 1689 337 1724 Iuppiter
356 1688 496 1723 quondam
515 1696 538 1715 e.
558 1697 584 1722 q.
605 1687 639 1722 s.]
660 1687 693 1714 cf.
714 1687 792 1714 Luct.
812 1687 887 1714 Plac.
907 1687 943 1714 ad
963 1686 1033 1714 Stat.
1054 1687 1141 1714 Theb.
1156 1687 1195 1713 III
1211 1687 1334 1721 1061124
1349 1686 1436 1713 Lebe-

159 1726 203 1752 ’ωε
223 1725 293 1761 ollas
312 1724 420 1759 aereas]
440 1724 474 1750 cf.
494 1723 557 1750 Isid.
578 1732 616 1751 or.
636 1723 687 1749 XX
706 1726 731 1756 8,
750 1725 767 1749 4
1122 1721 1125 1723 '
1438 1742 1440 1744 .

195 1832 198 1833 ⁷
230 1826 244 1851 l
265 1824 294 1850 et
312 1844 318 1849 .
339 1844 345 1849 .
366 1844 371 1850 .
391 1822 487 1849 Amori
506 1830 555 1848 om.
575 1821 693 1854 LHM,
711 1829 762 1848 nos
781 1841 787 1846 .
808 1842 814 1849 .
835 1841 841 1847 .
861 1820 930 1847 item
948 1828 999 1848 om.
1018 1820 1102 1855 Fau
1124 1820 1193 1847 item
1214 1840 1220 1847 .
1241 1841 1246 1847 .
1269 1841 1274 1846 .
1295 1819 1367 1846 ensis
1386 1827 1436 1847 om.

159 1860 197 1887 M
214 1859 290 1893 (add.
309 1859 345 1892 m)
363 1860 373 1892 11
388 1861 402 1884 2
422 1858 464 1893 at]
483 1858 516 1884 ut
533 1857 591 1884 FO
616 1865 682 1883 nam
707 1856 844 1890 Verqilius
862 1857 872 1891 11
890 1856 1045 1883 Euandrius
1060 1877 1066 1883 .
1078 1876 1102 1882 ..
1118 1855 1192 1882 ensis
1210 1864 1260 1882 om.
1280 1855 1311 1882 F
1322 1856 1331 1889 11
1352 1855 1437 1890 ensis]

160 1903 246 1929 quare
267 1894 394 1921 ‘liceat'?
414 1893 543 1920 solvitur:
566 1892 671 1919 ‘liceat'
692 1900 764 1926 quae
783 1892 890 1919 leviora
908 1892 983 1926 sunt3
1004 1900 1088 1926 snpra
1105 1891 1180 1918 enim
1195 1891 1284 1918 tacuit
1298 1891 1332 1918 de
1347 1892 1436 1918 morte

158 1930 259 1965 patris3
282 1938 347 1956 nam
372 1929 502 1956 dicuntur
525 1928 639 1955 difficile
662 1936 797 1961 responsa
818 1927 987 1961 praedicere.
1020 1928 1083 1954 add.
1103 1927 1192 1953 Lion:
1215 1935 1284 1961 quae
1298 1927 1439 1960 pertinent

157 1966 195 1993 ad
207 1973 273 1993 vers.
287 1968 338 1992 461
354 1966 364 1999 11
378 1968 394 1991 4
408 1964 472 1991 inde
484 1964 549 1990 ΕΗ
559 1965 568 1998 11
584 1967 599 1990 5
613 1972 631 1991 a
645 1971 695 1990 om.
706 1963 735 1990 F
740 1963 763 1989 C
779 1966 803 1990 et
815 1963 902 1990 Lione
917 1966 978 1990 teste
988 1963 1124 1996 sztelferb.
1138 1963 1158 1988 Ι
1170 1963 1180 1996 11
1194 1962 1297 1996 stipare
1308 1962 1339 1988 F
1356 1963 1439 1996 stupa.

161 2001 186 2028 0
210 2002 341 2036 etyppam
361 2000 497 2033 Guelferb.
518 2000 539 2026 I
556 1999 659 2033 stipam
678 1999 770 2033 leqisse
788 1999 896 2025 videtur
914 1999 1048 2025 Isidorus.
1068 1999 1102 2031 cf.
1122 1999 1159 2025 ad
1177 1999 1246 2024 Aen.
1262 1998 1273 2024 1
1288 1998 1394 2033 433116
1409 1997 1437 2023 id

159 2038 201 2064 cst
218 2037 279 2064 hab.
295 2036 318 2063 C
329 2037 339 2070 11
352 2039 368 2063 8
384 2036 542 2063 chorintum
558 2035 588 2061 F
599 2036 608 2068 11
623 2038 638 2061 9
654 2034 733 2068 regia
748 2034 778 2060 F
789 2035 798 2068 11
815 2038 844 2060 11
861 2034 985 2060 inmanes
999 2034 1030 2060 F
1041 2035 1051 2068 11
1067 2037 1098 2060 12
1113 2042 1251 2060 murmore
1266 2033 1386 2060 intinctu
1401 2033 1438 2065 F,

161 2081 230 2099 cor-r.
250 2072 353 2099 Daniel
370 2073 380 2106 11
400 2075 432 2098 13
451 2079 593 2098 murmore.
611 2070 642 2096 F
657 2071 666 2104 11
686 2073 718 2096 15
739 2070 834 2104 Illyrio
856 2070 1024 2096 Masvicius:
1043 2069 1148 2096 hillirio
1169 2069 1200 2095 F
1215 2070 1224 2103 11
1245 2072 1277 2096 16
1297 2069 1438 2095 cessarent

162 2107 275 2142 scripsi:
294 2108 439 2134 cessarunt
458 2107 487 2133 F
513 2106 683 2133 cessauerint
701 2106 805 2132 Daniel
818 2106 827 2139 11
841 2105 913 2132 hebe
933 2105 963 2131 F
974 2106 984 2138 11
999 2107 1031 2131 18
1050 2105 1210 2139 peruolauit
1227 2105 1291 2139 leyit
1305 2104 1438 2138 Hayenus

160 2144 192 2170 in
206 2143 236 2170 F
247 2144 257 2177 11
271 2146 305 2169 23
319 2142 514 2177 praecipitque
528 2142 558 2168 F
570 2143 579 2176 11
594 2141 738 2168 oraciilum
757 2140 942 2167 constituetur
957 2140 987 2167 F
998 2142 1008 2175 11
1021 2144 1056 2167 24
1070 2149 1162 2167 zemas
1176 2140 1206 2167 F
1211 2140 1262 2166 GL
1268 2139 1302 2166 H
1303 2148 1316 2166 e
1336 2139 1438 2166 ziemas

162 2179 199 2206 M
225 2178 309 2205 zimas
328 2178 358 2204 E
384 2178 456 2205 zima
475 2179 485 2205 l
502 2179 512 2212 11
530 2181 564 2204 25
583 2177 725 2211 Latinum]
746 2176 835 2203 Lebes
854 2184 904 2211 pro
923 2185 990 2203 uase
1010 2176 1119 2210 capitur
1137 2176 1166 2202 in
1185 2176 1259 2209 quod
1279 2184 1353 2209 aqua
1371 2175 1437 2201 dum

162 2222 263 2241 manus
281 2213 412 2240 abluutur
430 2213 543 2240 decidit.
573 2213 647 2247 quod
662 2212 805 2240 decentius
820 2212 931 2239 Aeneae
950 2211 1097 2239 conuenire
1116 2211 1229 2238 domum
1249 2212 1307 2245 (leq.
1323 2211 1437 2242 donum)

161 2249 285 2283 uidetur,
328 2257 393 2276 uam
417 2249 491 2283 quod
511 2248 620 2275 culinae
639 2248 713 2275 dona
731 2248 917 2282 praestentur,
935 2248 967 2274 ut
984 2247 1122 2274 Homerus
1141 2247 1168 2274 in
1189 2246 1314 2280 Odyssea.
1332 2246 1354 2279 (Ι
1377 2247 1437 2279 136)

161 2284 276 2321 χέρνιβα
300 2285 317 2311 δ
353 2281 513 2319 ἀμφίπολος
537 2281 648 2320 προχόῳ
673 2281 790 2317 ἐπέχευε
816 2282 1037 2318 φέρουσαααλῇ
1063 2284 1175 2317 χρυσείῃ
1195 2280 1267 2315 ὑπὲρ
1286 2280 1436 2315 ἀργυρέοιο

161 2320 277 2357 λέβητος
300 2320 363 2347 add.
382 2320 412 2346 D
438 2321 448 2355 11
474 2323 508 2347 26
524 2324 607 2346 ἐλ-Δια,
631 2328 699 2346 mex
719 2318 777 2346 FC
803 2318 968 2353 endiadislin
988 2319 1014 2345 L
1046 2318 1166 2345 endiado
1186 2318 1218 2344 H
1250 2316 1381 2344 endiadin
1402 2316 1439 2342 M

164 2355 308 2390 endiadiin
327 2356 356 2382 Ε
381 2363 431 2391 per
449 2355 597 2383 Endiadim
617 2355 772 2390 Stephanus
799 2363 849 2390 per
867 2354 1015 2389 Endiadyn
1035 2354 1189 2381 Masvicius
1229 2383 1232 2385 .

1458 694 1490 718 10

1459 961 1490 985 15

1457 1229 1490 1252 20

1456 1495 1490 1519 25
