1630 2684
448 175 562 204 COMM.
581 175 622 203 IN
641 175 749 204 VERG.
769 176 853 204 AEN.
873 177 906 204 ΙΙ.
927 180 1076 205 304—315.
1335 179 1398 211 271

119 258 234 292 mium
265 258 394 291 vicina
417 257 635 297 Cremonae.
725 272 873 291 moxmvs
893 273 992 292 ARDET
1016 262 1174 301 reumont]
1204 261 1275 293 bene
1304 262 1399 302 [erqo]

54 316 64 361 ζ
116 313 254 354 primam
282 312 436 353 Deiphobi
466 312 591 344 domum
619 313 694 344 dicit
724 313 879 352 invasam,
911 314 996 354 apud
1025 324 1114 354 quem
1142 314 1264 346 Helena
1290 315 1402 356 fuerat,

119 367 283 399 secundum
321 365 520 406 Ucaleyoncm
545 366 663 406 posuit,
695 377 784 406 quem
815 367 905 398 iuxta
935 367 1108 398 Homerum
1140 368 1175 398 in
1208 368 1344 399 consiliis
1375 370 1404 400 et

39 432 43 439 <
78 424 80 426 ’
119 419 258 452 amicitia
280 421 399 450 constat
420 418 547 452 Priami
566 419 672 458 fuisse.

208 472 282 504 312.
320 481 422 504 SIGEA
441 472 504 504 duo
525 474 601 504 sunt
615 473 732 505 Troiae
752 474 992 515 promunturia,
1010 472 1193 505 Rh‘oeteum
1213 476 1246 506 et
1261 473 1402 516 Sigeum,
1421 481 1437 504 5

120 525 218 569 quod*
237 525 360 557 dictum
392 527 443 557 est
474 528 608 568 propter
640 526 791 558 Herculis
825 526 1097 568 taciturnitatem,
1131 527 1186 568 qui
1218 527 1402 569 prohibitus

120 579 263 620 hospitio
286 589 308 611 a
329 579 535 611 Laomedonte
558 579 726 612 simulavit
750 580 949 621 abscessum,
980 581 1013 611 et
1036 580 1111 611 inde
1136 582 1248 612 contra
1271 581 1402 613 Troiam

119 643 177 675 per
204 633 372 664 silentium
399 632 500 671 venit,
530 633 616 674 quod
644 633 762 665 dicitur
785 631 871 674 σιγή.
961 642 1075 664 FRETA
1098 642 1191 665 LATA
1214 643 1401 666 RELVOENT

120 685 260 718 incendii
289 686 545 728 magnitudinem
574 687 677 718 voluit
706 687 903 729 significare,
935 697 1001 718 non
1031 686 1093 718 hoe
1121 687 1309 719 describere.
1357 690 1404 728 [ut

121 791 250 845 Pontici
274 793 339 825 oris
363 793 433 827 illic
456 794 610 835 dilatant,
633 796 670 825 ut
694 793 869 825 Sallustius
894 794 985 825 dixit.

208 847 283 879 313.
320 860 493 883 cunonem
515 861 562 880 vm
569 860 610 880 nt
629 848 691 879 sive
709 848 763 888 qui
781 847 998 886 caedebantur,
1015 848 1077 879 sive
1095 848 1149 888 qui
1166 848 1335 880 caedebant.

121 908 285 933 GLANGOR
308 900 468 933 Graecum
499 902 561 932 est:
590 912 667 932 nam
695 898 822 942 κλαγγὴ
851 900 976 932 dicitur.
1022 900 1103 931 illud
1132 911 1208 932 sane
1237 901 1402 932 sciendum

121 955 183 996 est,
211 953 288 996 quia
310 965 433 986 morem
460 954 572 995 tetigit
596 954 860 996 expugnationi83
891 954 1079 995 plerumque
1108 954 1193 985 enim
1222 954 1263 985 ad
1290 954 1402 985 tubam

121 1008 310 1039 evertuntur
332 1007 494 1048 civitates,
518 1007 602 1039 sicut
626 1007 747 1039 Albam
770 1007 885 1038 Tullus
909 1006 1071 1039 Hostilius
1095 1007 1191 1038 iussit
1214 1001 1325 1039 everti.

209 1060 284 1093 314.
320 1069 434 1092 AMENS
454 1060 510 1102 qui
528 1071 587 1092 nec
608 1060 742 1092 somniis
761 1059 895 1101 credidi,
917 1071 976 1092 nec
995 1060 1091 1092 rebus
1112 1061 1260 1101 aspectis.
1285 1062 1405 1101 [quam-

121 1114 168 1146 vis
198 1114 326 1155 quidam
357 1115 402 1146 sic
428 1105 594 1155 exponant]
624 1127 705 1146 camo
732 1124 795 1145 non
826 1114 971 1145 manibus
1003 1114 1153 1153 [interim]
1160 1139 1168 1154 ‚
1200 1114 1253 1145 secl
1283 1114 1404 1151 animo;

121 1177 197 1200 nam
219 1168 254 1200 in
277 1170 349 1200 tecto
371 1170 453 1205 erat;
477 1178 547 1208 erqo
571 1166 681 1208 ‘capio'
699 1168 803 1208 placet
824 1167 903 1199 mihi
924 1177 1050 1199 sumere.
1136 1180 1193 1199 ivre
1204 1179 1260 1198 sn
1272 1179 1407 1199 RArmms

122 1234 157 1255 w
174 1234 266 1254 Annus
287 1223 343 1253 aut
364 1222 511 1262 quoniam
531 1220 668 1262 ‘amens’‚
691 1222 758 1253 ideo
776 1231 830 1253 nec
847 1224 896 1253 sat
914 1221 1064 1252 rationis:
1087 1222 1142 1252 aut
1160 1220 1311 1252 ostendere
1332 1220 1405 1261 vult,

123 1329 187 1360 lam
215 1329 314 1370 fuisse
343 1329 508 1370 rationem,
544 1328 670 1360 ardente
702 1328 768 1359 iam
793 1329 920 1368 patria;
955 1328 1102 1367 quomodo
1134 1327 1217 1358 enim
1248 1327 1404 1358 incensam

122 1383 274 1415 civitatem
295 1382 473 1423 defenderet.
1262 1374 1264 1376 .

212 1436 287 1468 315.
323 1445 437 1468 BELLO
462 1436 503 1468 ad
526 1436 656 1468 bellum.
743 1447 931 1468 cozvcvmzme
950 1447 981 1467 liv
1002 1447 1101 1466 auom!
1119 1434 1200 1474 quod
1220 1434 1293 1465 inde
1312 1434 1405 1474 facilc

118 1490 219 1531 possit
234 1491 375 1531 puynari
396 1490 540 1522 hostibus.

157 1604 164 1610 ι
195 1572 211 1595 3
229 1569 395 1604 Homerum]
416 1569 448 1595 Il.
468 1569 506 1595 ΙΙΙ
527 1571 577 1595 138
592 1570 601 1602 ΙΙ
616 1571 631 1594 5
652 1568 765 1602 Sigeum
784 1567 859 1601 quod
878 1567 983 1607 dictum
1002 1568 1045 1608 est
1064 1587 1071 1593 .
1087 1588 1093 1593 .
1110 1587 1115 1593 .
1136 1563 1213 1601 σιγή]
1233 1574 1319 1592 exscr.
1339 1565 1403 1592 Isid.

124 1604 585 1673 ggglllffdvsaziezsigndmtiliih‘effi.
599 1605 635 1674 isi]
651 1603 1067 1666 legsElllnssialslsszlfssszqs]llh1ls5.
1079 1601 1262 1672 gra233mvgffi.
1277 1604 1311 1627 50
1330 1601 1376 1627 ΚΥ,
1396 1604 1405 1635 Η

200 1715 214 1738 1
242 1720 302 1738 rem
329 1711 428 1738 domus
456 1732 462 1737 .
483 1732 489 1737 .
511 1732 516 1737 .
539 1710 633 1738 vicina
657 1710 821 1745 Cremonae]
853 1710 916 1736 dofi.
940 1710 969 1743 (i.
988 1718 1008 1736 e.
1035 1708 1206 1741 ‘Donatusz
1228 1710 1260 1734 ut
1287 1708 1403 1740 videtur)

125 1755 218 1782 margo
238 1747 276 1774 M
279 1747 316 1774 E.
342 1748 405 1773 item
423 1747 453 1773 id
471 1746 563 1781 ipsum
582 1746 656 1773 enim
675 1747 719 1772 est
736 1746 810 1779 quod
830 1746 946 1772 mantua
963 1753 1006 1771 ue.
1033 1744 1106 1771 sicut
1124 1744 1199 1770 enim
1217 1744 1333 1770 mantua
1352 1743 1405 1769 luit

125 1782 347 1810 cremonensium
365 1791 453 1817 penas
471 1782 513 1809 ita
530 1782 665 1816 tualegon
688 1781 806 1815 diphobi
828 1789 923 1815 nzarqo
941 1781 971 1806 E
993 1781 1002 1814 ΙΙ
1025 1783 1040 1806 2
1060 1780 1179 1814 primam
1202 1779 1314 1812 scripsi:
1341 1787 1404 1812 pro-

125 1819 201 1846 ximo
220 1818 244 1845 0
260 1818 414 1853 proximam
435 1817 470 1844 0²
483 1819 493 1852 ΙΙ
507 1817 552 1844 dei
571 1817 665 1852 phobo
681 1817 704 1843 0
721 1817 767 1843 dei
785 1816 889 1850 phoebi
905 1815 939 1843 02
952 1817 961 1850 ΙΙ
975 1819 990 1841 3
1011 1815 1211 1849 Ucalegontem
1227 1815 1382 1841 Masvicius
1396 1814 1404 1848 Η

127 1856 143 1880 5
161 1854 199 1881 ad
215 1862 240 1881 v.
260 1857 311 1881 312
332 1853 428 1888 Sigea]
449 1853 504 1880 duo
523 1854 589 1879 sunt
608 1873 613 1879 .
630 1874 636 1880 .
652 1873 658 1879 .
692 1852 777 1879 Freta
794 1852 854 1878 lata
872 1851 1010 1886 relucent]
1035 1850 1157 1877 incendii
1182 1849 1404 1887 magnitudinem

126 1889 218 1916 uoluit
236 1889 407 1924 significare,
426 1897 483 1915 non
502 1897 586 1922 quam
605 1889 664 1915 lata
683 1888 747 1914 sint.
769 1888 796 1913 P
818 1888 828 1921 [Ι
850 1887 940 1914 troiae
959 1885 1166 1920 promunctoria
1185 1885 1248 1911 LH
1252 1885 1289 1911 M
1314 1884 1403 1911 troiae

126 1925 317 1959 promontoria.
338 1925 366 1951 P
386 1924 578 1959 promontoria
595 1923 685 1950 troiae
705 1923 728 1949 0
744 1924 800 1956 (mo
820 1926 844 1949 et
863 1931 879 1949 o
899 1931 917 1948 a
935 1930 1020 1948 manu
1037 1922 1100 1955 rec.)
1124 1922 1133 1954 ΙΙ
1154 1922 1279 1950 roeteum
1300 1919 1323 1946 0
1344 1928 1403 1946 roe-

126 1958 223 1987 theum'
242 1961 307 1987 LH
322 1961 450 1987 retheum
470 1960 507 1986 M
523 1960 533 1993 ΙΙ
552 1959 657 1986 siceum
678 1959 701 1985 C
717 1958 835 1992 (sigeum
848 1958 899 1991 02)
913 1959 922 1992 ΙΙ
943 1961 957 1983 7
978 1957 1137 1984 lamedonte
1156 1956 1208 1990 Pu
1226 1958 1242 1982 8
1261 1956 1339 1982 uenit
1356 1964 1405 1989 per

129 1996 269 2023 silentium
288 1996 314 2022 L
328 1997 337 2030 ΙΙ
356 1995 417 2030 per]
437 2003 455 2022 a
475 1995 524 2028 1³11
542 1994 601 2029 sige
620 1994 724 2021 dicitur
744 1994 781 2020 M
797 1995 806 2028 ΙΙ
825 1994 884 2027 sige
904 1993 991 2019 CLH
996 1993 1054 2018 PE
1071 1994 1080 2026 Ι]
1099 2001 1233 2018 RELVCENT
1251 1999 1300 2018 om.
1322 1991 1381 2017 CH
1396 1992 1404 2025 >l

129 2033 145 2058 9
163 2031 488 2066 incendmagnitudinem
504 2030 528 2058 0
537 2032 547 2065 ΙΙ
562 2029 731 2064 significare]
751 2029 941 2056 demonstrare
957 2029 991 2054 M
1005 2029 1015 2062 ΙΙ
1028 2028 1093 2063 hoc]
1108 2028 1162 2054 hoc
1176 2027 1288 2061 quidem
1302 2026 1405 2053 Daniel

124 2067 234 2100 primus
247 2068 256 2102 ΙΙ
272 2071 303 2094 11
323 2066 431 2102 pontici
449 2066 518 2101 oris]
538 2065 708 2100 hellesponti
723 2065 745 2092 C
757 2066 767 2099 ΙΙ
781 2064 886 2099 pontici
901 2064 938 2090 M
941 2064 972 2090 Ε
976 2064 999 2090 ῑ.-
1017 2064 1096 2097 ponti
1110 2063 1173 2089 LH
1184 2063 1194 2096 ΙΙ
1208 2063 1239 2089 ut
1258 2062 1405 2089 Sallustius

129 2101 200 2129 dixit
218 2111 267 2130 om.
285 2103 308 2130 C
324 2105 334 2137 ΙΙ
353 2103 428 2130 salus
448 2102 481 2128 H
496 2103 505 2136 ΙΙ
528 2102 598 2128 dicit
617 2101 643 2127 L
666 2102 675 2135 ΙΙ
699 2103 730 2127 12
751 2101 788 2127 ad
805 2109 829 2126 v.
849 2103 900 2126 313
922 2099 1055 2133 clangor]
1076 2098 1246 2125 Graecorum
1266 2099 1319 2130 est3
1339 2106 1404 2124 nam

129 2136 235 2172 κλαγγὴ
255 2138 377 2173 (clange)
396 2137 507 2164 dicitur.
529 2138 557 2163 P
569 2138 578 2171 ΙΙ
592 2137 763 2164 cedebantur
781 2138 806 2162 et
824 2135 962 2162 cedebant
977 2134 1000 2161 Ο
1011 2135 1020 2168 ΙΙ
1035 2137 1067 2161 13
1087 2142 1234 2169 grecorum
1249 2133 1292 2166 Cu
1306 2133 1405 2166 clange

130 2173 218 2208 librili
237 2177 270 2200 14
288 2182 365 2201 more
385 2174 418 2200 H
428 2175 438 2207 ΙΙ
458 2177 490 2200 15
510 2173 672 2200 euerteutur
690 2172 738 2205 Lfl
755 2171 843 2198 tulius
858 2171 884 2197 L
903 2170 999 2197 tullius
1020 2170 1057 2196 Μ
1061 2170 1091 2195 Ε
1103 2170 1112 2203 ΙΙ
1135 2173 1167 2196 16
1187 2170 1224 2195 ad
1241 2177 1265 2196 v.
1285 2172 1336 2195 314
1357 2168 1406 2194 Sat

130 2226 256 2262 rationis]
277 2227 408 2261 quoniam
432 2235 541 2260 amens,
565 2226 628 2253 ideo
646 2234 698 2252 nec
721 2226 766 2251 sat
783 2224 907 2251 rationis.
934 2224 962 2250 P
982 2224 991 2257 ΙΙ
1014 2232 1086 2249 ηιμ
1104 2214 1190 2249 A»naus
1211 2232 1286 2248 onio
1310 2229 1405 2248 amens

131 2262 180 2296 qni
197 2262 221 2290 0
241 2264 269 2296 (A
287 2271 418 2297 superscr.
440 2263 484 2296 0²)
508 2272 593 2288 mass
611 2262 682 2288 bene
701 2268 796 2287 amens
815 2259 864 2294 qui
882 2259 926 2286 El
948 2260 958 2293 fl
980 2258 1095 2286 somniis
1115 2258 1180 2285 ΟΜ
1184 2258 1241 2284 El:
1265 2265 1361 2284 somno
1380 2257 1405 2282 L

131 2305 241 2325 somnos
254 2298 288 2325 H
297 2300 308 2333 ΙΙ
321 2298 440 2325 credidit
450 2298 488 2324 M
501 2297 657 2324 crediderat
670 2297 700 2322 E
712 2298 721 2330 ΙΙ
737 2299 768 2322 17
781 2295 895 2322 interim
908 2295 1013 2322 seclusi.
1036 2295 1099 2327 fort.
1115 2293 1164 2320 sed
1177 2293 1290 2319 interim
1304 2294 1313 2326 ΙΙ
1329 2295 1360 2318 18
1375 2301 1404 2317 m

132 2333 208 2360 tecto
221 2335 332 2368 scripsi:
347 2334 452 2361 intecto
464 2333 493 2366 0,
508 2342 672 2368 quamquam
686 2332 811 2359 dubitari
820 2333 909 2365 potest
918 2333 1037 2358 eaetrema
1047 2331 1138 2356 littera
1147 2332 1239 2355 utrum
1250 2337 1266 2354 o
1275 2329 1320 2359 sit,
1334 2336 1371 2353 an
1381 2335 1404 2353 e.

132 2368 238 2396 intente
256 2372 324 2397 enot.
342 2370 491 2404 Berykius,
511 2368 630 2395 intentio
645 2368 801 2401 Scioppius.
826 2375 892 2393 nam
910 2375 989 2393 mens
1008 2366 1105 2392 deerat
1122 2365 1156 2390 F.
1169 2364 1318 2390 Schoellius
1335 2363 1406 2389 nihil

133 2404 269 2432 secludens
281 2406 292 2441 u
304 2408 338 2432 23
353 2406 390 2432 ad
403 2414 427 2432 v.
443 2408 495 2432 315
510 2405 603 2440 Bello]
618 2404 654 2431 ad
668 2403 782 2431 bellum.
801 2403 828 2428 P
839 2403 897 2440 l²4
912 2411 974 2429 cum
989 2400 1116 2428 hostibus
1133 2399 1287 2426 Masvicius
1297 2399 1406 2433 primus

119 739 206 773 nobis
224 741 389 772 ostenderet
404 749 499 781 quam
518 739 583 771 lata
601 740 686 780 sint]
725 739 817 772 ‘lata'
838 742 946 772 autem
969 740 1054 782 ideo,
1079 740 1156 782 quia
1179 752 1212 772 se
1232 742 1402 783 angustiae
1423 748 1455 771 10

1426 1015 1458 1037 15

117 1275 257 1316 primam
279 1276 308 1307 ei
329 1275 542 1316 coyitationem
562 1274 661 1314 fuisse
683 1275 719 1306 de
735 1275 858 1315 patria,
881 1275 934 1306 scd
954 1274 1150 1306 sulmenieudi
1167 1274 1195 1305 ci
1213 1274 1311 1305 armis
1333 1274 1404 1305 nul·
1422 1280 1457 1303 20
