1630 2684
443 131 554 159 COMM.
574 131 613 158 IN
632 130 739 158 VERG.
759 131 842 159 AEN.
862 131 882 158 Ι.
903 134 1033 160 95-100.
1337 133 1379 164 49

192 212 243 244 97.
277 221 408 245 TYDIDE
436 212 603 244 vocativus
633 211 776 244 Graecus
805 213 867 255 est3
899 212 926 244 si
955 213 1040 245 enim
1070 214 1169 246 latine
1199 214 1330 256 diceret,
1362 226 1379 246 o

102 265 230 307 Tydida
263 266 373 298 debuit
400 277 532 307 ponere.
587 266 697 298 omnia
729 266 814 297 enim
850 267 1079 308 patronymica
1112 279 1193 309 quae
1225 267 1258 299 in
1292 267 1380 299 ‘des'
1398 283 1402 286 ·

101 321 219 351 exeunt
251 318 334 360 apud
367 318 498 351 Latinos
531 318 656 360 primae
689 321 764 351 sunt
796 319 1034 361 declinationis,
1067 322 1104 352 ut
1142 332 1279 353 saevus
1317 321 1381 352 ubi
1432 342 1435 344 -

101 371 295 404 Aeacidae
318 371 398 404 telo
424 372 525 404 iacet
548 372 701 404 Hector.
793 372 925 413 Tydides
942 372 1118 412 Diomedes,
1145 374 1239 414 Tydei
1262 377 1290 406 et
1307 374 1381 406 Dei-

98 425 217 467 phyles,
240 424 372 457 Adrasti
393 425 491 467 filiae,
513 426 612 467 filins,
634 426 688 466 qui
710 428 783 466 post
808 429 930 467 captum
953 426 1055 458 Ilium
1077 427 1120 458 ad
1138 426 1270 458 Italiam
1292 429 1382 470 venit,
1402 438 1417 462 5

100 479 181 522 qnod
195 478 320 519 plenius
342 479 377 510 in
400 478 462 511 XI.
487 479 564 511 libro
586 479 684 511 habes.
731 480 751 519 †
766 489 798 510 eo
827 481 957 520 tempore
983 482 1088 511 statua
1116 490 1185 512 cnm
1214 481 1248 512 in
1273 482 1381 521 templo

98 531 257 573 Apollinis
275 531 418 573 Delphici
440 535 547 573 staret,
569 533 601 564 vi
624 533 760 573 quadam
778 533 886 564 divina
905 533 948 564 ad
970 532 1137 575 Corcyram
1157 534 1304 575 miyravit
1326 534 1381 576 (et)

98 585 166 617 visa
183 587 227 617 est
243 595 348 617 muros
363 585 602 627 Corcyraeorum
620 586 792 626 defendere:
811 597 886 618 nam
905 587 970 619 eius
991 588 1227 620 comminatione
1246 588 1382 620 hostibus

97 638 216 680 fuyatis
238 638 372 680 Corcyra
394 639 468 671 bello
491 642 629 680 eoeempta
652 642 703 671 est.

188 691 239 724 98.
273 705 332 725 ivon
351 705 488 725 Porwssr
514 694 605 734 quasi
630 703 747 734 semper
768 694 905 725 voluerit.
996 703 1135 726 ANIMAM
1165 703 1258 727 HANG
1289 695 1381 737 quasi
1403 705 1434 728 10

99 756 172 778 cum
196 745 307 778 dolore
332 745 489 778 ‘animam
512 745 622 786 hanc',
651 757 687 778 ac
716 747 744 778 si
774 747 896 779 diceret
918 747 1083 790 infelicem,
1112 759 1193 790 quae
1223 748 1263 780 ad
1291 748 1381 780 labo-

98 809 167 831 rem
190 801 268 831 nata
292 800 350 831 est.
439 809 651 846 EFFvnDERE
677 800 851 832 secundum
880 812 934 832 eos
965 801 1020 842 qui
1049 801 1161 833 dicunt
1189 802 1381 844 sanguinem

99 863 169 884 esse
202 852 356 894 animam,
394 855 430 885 ut
462 854 531 895 ipse
565 854 645 885 alibi
677 865 909 895 purpuream
942 854 1062 886 vomit
1100 855 1170 887 ille
1209 856 1381 888 animam.

100 916 178 938 nam
196 904 262 938 alio
282 906 353 939 loco
374 907 511 939 aliorum
536 907 722 948 opinionem
742 907 901 949 sequitur,
925 908 981 949 qui
1001 907 1111 940 dicunt
1131 909 1287 955 'spiritum
1312 920 1382 941 esse

101 959 257 1001 animam,
281 960 364 991 unde
389 962 438 992 est
461 962 575 1002 atque
599 961 639 993 in
662 963 799 992 ventos
824 961 904 992 vita
928 961 1101 993 recessit.
1403 972 1434 995 15

188 1013 239 1045 99.
273 1021 403 1046 SAEVVS
429 1023 580 1055 magnus,
604 1016 640 1046 ut
663 1014 810 1055 superius
834 1014 983 1047 diximus.
1029 1015 1075 1047 vel
1095 1015 1200 1055 fortis,
1231 1017 1277 1048 vel
1300 1016 1381 1048 belli-

99 1076 198 1107 cosus,
220 1068 256 1098 nt
277 1068 320 1098 est
342 1068 375 1098 et
400 1077 545 1098 saevum
568 1067 720 1099 Aenean
747 1068 900 1108 aynovit
924 1068 1072 1100 Turnus
1100 1070 1139 1101 in
1166 1071 1291 1102 armis.
1337 1071 1383 1102 vel

100 1120 246 1151 adversus
268 1119 364 1152 hostes
388 1119 535 1159 ‘saevus',
558 1123 587 1152 et
609 1123 653 1152 est
673 1121 823 1161 epitheton
846 1122 889 1153 ad
918 1124 1049 1162 tempus;
1077 1133 1152 1154 nam
1179 1124 1382 1164 incongruum

98 1175 166 1204 erat
186 1173 224 1205 ab
238 1172 344 1205 Aenea
361 1183 484 1205 saevum
498 1173 660 1206 Hectorem
678 1175 748 1206 dici.
781 1177 838 1206 ant
855 1174 993 1214 ‘saevus'5
1013 1176 1094 1216 qnod
1111 1177 1273 1209 adversum
1286 1177 1381 1209 Ante-

99 1236 205 1259 norem
227 1228 256 1258 et
277 1226 415 1258 Aeneam
445 1229 474 1258 et
495 1227 650 1259 Helenum
672 1228 804 1259 sentiens
826 1228 980 1260 Helenam
1002 1239 1065 1261 non
1082 1231 1260 1270 permiserit
1286 1231 1380 1263 reddi.
1400 1239 1434 1262 20

99 1279 182 1323 (aut)
202 1280 267 1312 ideo
287 1279 423 1312 ‘saevus'
442 1280 566 1322 Hector,
589 1282 665 1321 quia
678 1281 801 1313 Aeneas
817 1282 902 1322 pins.
930 1283 1010 1322 quod
1031 1286 1133 1318 antem
1152 1285 1200 1315 ait
1217 1283 1383 1316 ‘Aeacidae

100 1332 172 1365 telo'
191 1334 257 1365 vult
274 1334 426 1365 ostendere
446 1334 613 1374 feliciorem
630 1335 806 1373 Hectorem,
831 1336 882 1367 cui
902 1336 1062 1377 contiyerit
1079 1337 1117 1368 ab
1136 1337 1257 1370 Achille
1269 1338 1382 1380 perire,

99 1387 180 1427 qnod
200 1387 264 1427 ipse
287 1388 435 1427 optaverit
456 1387 485 1419 ei
507 1398 696 1429 conyressns,
714 1389 793 1420 sicut
810 1389 845 1420 in
871 1389 903 1421 V.
921 1389 1085 1430 Neptunus
1110 1391 1219 1423 Veneri
1239 1392 1382 1432 loquitur.

101 1441 134 1471 et
157 1439 238 1471 bene
262 1440 376 1482 elegit,
399 1451 472 1472 cum
496 1441 611 1482 quibus
635 1441 757 1483 perisse
778 1442 939 1484 debuerim
963 1443 1033 1484 ipse
1053 1444 1139 1475 enim
1159 1446 1192 1476 eh
1211 1444 1305 1477 fortis
1325 1447 1383 1486 est,

102 1494 134 1524 et
151 1493 320 1525 numinum
344 1493 464 1535 proles:
489 1496 576 1526 recte
596 1505 672 1536 ergo
692 1495 743 1527 his
764 1495 922 1538 iungitur,
944 1497 978 1528 in
1000 1497 1117 1538 quibus
1139 1498 1220 1530 balia
1243 1498 1382 1531 fuerunt.
1402 1506 1435 1529 25

193 1547 265 1578 100.
299 1546 488 1579 SARPEDON
513 1549 545 1579 et
567 1547 601 1579 in
625 1548 741 1579 ultima
764 1559 936 1590 possumus
962 1552 1130 1582 accentum
1153 1562 1273 1592 ponere
1298 1554 1331 1584 et
1349 1553 1382 1584 in

104 1600 320 1641 paenultima:
343 1611 420 1632 nam
441 1600 602 1632 Homerus
627 1603 660 1633 ei:
683 1600 911 1643 ‘Sarpedonis'
936 1603 1109 1635 declinavit
1133 1606 1165 1636 et
1189 1604 1383 1647 ‘Sarpedon-

100 1653 174 1695 tis’,
198 1653 281 1685 unde
305 1655 338 1685 et
357 1654 464 1686 varius
488 1656 637 1686 accentus
663 1656 725 1687 est:
750 1654 978 1697 ‘Sarpedonis'
1003 1657 1088 1688 enim
1109 1659 1383 1700 antepaenultima

172 1763 204 1787 13
223 1759 403 1795 purpuream]
424 1760 456 1787 A.
472 1760 510 1787 IV
526 1763 576 1787 705
591 1761 600 1795 ΙΙ
616 1763 648 1787 15
669 1760 765 1796 abque]
786 1762 819 1787 A.
834 1761 872 1787 IV
888 1765 938 1788 705
953 1763 963 1796 ΙΙ
979 1765 1010 1789 17
1031 1767 1060 1790 et
1079 1763 1204 1798 saevum]
1224 1764 1257 1792 A.
1273 1764 1311 1791 XI
1331 1768 1382 1792 910

171 1861 184 1884 1
201 1859 238 1885 ad
251 1866 275 1885 v.
286 1861 319 1885 97
330 1858 447 1892 Tydide]
463 1859 608 1885 uocabinus
623 1867 739 1893 graecus
794 1858 990 1886 declinationis
1005 1861 1077 1887 sunt.
1097 1861 1122 1887 P
1134 1861 1143 1894 ΙΙ
1158 1864 1174 1888 4
1190 1861 1327 1896 deipseles
1340 1863 1363 1890 C'
1374 1864 1383 1898 Η

100 1897 114 1920 7
135 1894 164 1920 et
181 1894 279 1920 addidi
293 1895 302 1927 ΙΙ
318 1897 350 1920 10
366 1894 403 1920 ad
420 1902 444 1920 v.
460 1896 493 1920 98
508 1894 572 1921 Non
585 1895 721 1929 potuisse]
737 1894 816 1928 quasi
831 1903 939 1929 semper
954 1896 1083 1922 uoluerit.
1111 1896 1272 1933 Effundere]
1288 1907 1382 1925 secun-

100 1929 166 1955 dum
185 1937 231 1956 eos
251 1950 257 1955 .
273 1950 278 1955 .
295 1949 301 1955 .
322 1929 452 1956 animam.
480 1929 548 1956 licet
565 1930 635 1956 alios
655 1930 780 1963 sequitur
799 1930 848 1964 qui
866 1930 963 1957 dicunt
982 1952 987 1957 .
1004 1951 1009 1957 .
1027 1952 1032 1958 .
1052 1932 1173 1960 recessit.
1196 1933 1244 1967 ΡΙΙ
1260 1937 1290 1960 11
1311 1934 1382 1961 hanc

99 1964 170 1991 dixit
188 1964 222 1990 Η
226 1965 263 1991 M
267 1965 277 1991 l
290 1966 299 1999 ss
313 1964 425 1991 labores
444 1965 514 1991 LM
525 1966 535 1999 ΙΙ
551 1968 582 1991 13
602 1965 646 2000 ut]
667 1966 695 1991 et
712 1965 783 1991 ΒΜ
795 1965 804 1999 ΙΙ
821 1968 853 1992 14
872 1966 991 1993 aliorum
1011 1967 1135 2000 sequitur
1153 1967 1202 1995 ille
1222 1968 1382 2003 opinionem

103 2000 129 2026 L
142 2000 152 2035 11
167 2003 199 2026 15
219 2002 251 2027 ut
269 2001 312 2027 est
332 2000 402 2026 PM
419 2001 451 2027 ut
470 2002 513 2027 esi
530 2000 560 2026 in
578 2001 632 2027 fine
651 2000 746 2034 quarti
763 2000 829 2027 libri
846 2001 874 2027 B
888 2003 897 2035 ΙΙ
914 2004 945 2028 16
969 2003 1005 2028 ad
1023 2011 1047 2029 v.
1068 2005 1101 2029 99
1122 2002 1239 2039 Saeuus]
1264 2013 1382 2040 magnus

99 2035 144 2062 uel
171 2035 252 2062 fortis
353 2036 469 2062 Turnus.
507 2036 658 2071 Aeacidae]
682 2036 801 2062 Achillis
824 2037 872 2070 qui
896 2037 949 2063 fuit
971 2037 1044 2065 filius
1070 2038 1155 2065 Aeaci
1179 2040 1303 2074 (aeaeis).
1329 2041 1357 2067 P
1373 2041 1382 2076 Η

103 2070 210 2098 dictum
234 2072 277 2098 est
294 2071 360 2097 ΒΗ
365 2072 401 2098 Μ
407 2072 416 2098 l
438 2072 448 2106 ΙΙ
472 2075 505 2098 20
530 2072 638 2098 elenam
663 2071 686 2098 C
706 2072 715 2106 ss
739 2075 770 2098 21
797 2074 847 2098 aut
870 2073 968 2100 addidi
990 2074 999 2106 ΙΙ
1023 2076 1057 2100 24
1080 2074 1150 2108 legit
1175 2074 1198 2101 C
1217 2076 1227 2109 ΙΙ
1250 2078 1283 2103 25
1307 2077 1382 2103 certe

103 2105 193 2141 0112ss
213 2107 250 2133 ad
262 2115 287 2134 v.
305 2110 354 2133 100
370 2107 526 2142 Sarpedon]
543 2108 616 2134 Iouis
635 2107 709 2134 filius
729 2128 735 2134 .
751 2128 757 2133 .
773 2128 779 2134 .
800 2107 961 2142 sanguineo.
991 2109 1055 2136 huic
1070 2110 1163 2136 autem
1178 2111 1284 2137 nomini
1303 2114 1332 2138 et
1352 2112 1382 2138 in

99 2142 199 2169 ultima
219 2142 328 2176 syllaba
343 2143 375 2169 et
397 2142 426 2169 in
450 2143 624 2177 peneultsima
642 2151 789 2177 possumus
809 2144 955 2170 accentum
973 2153 1089 2179 ponere,
1113 2154 1178 2172 nam
1197 2146 1334 2174 Homerus
1354 2148 1383 2174 etz

101 2177 268 2212 Sarpedonis
297 2179 326 2204 et
353 2177 533 2212 Sarpedontis
557 2179 716 2213 (sarpedon)
740 2178 874 2212 declinat,
903 2180 976 2206 unde
1001 2181 1030 2207 et
1052 2180 1146 2207 uarius
1171 2184 1301 2209 accentus
1326 2184 1380 2216 est3

99 2221 165 2240 nam
193 2213 216 2239 si
240 2213 407 2247 Sarpedonis
431 2213 506 2240 dicas
533 2214 563 2240 in
589 2214 827 2248 antepeneultima
855 2215 920 2248 erit,
949 2215 972 2242 si
996 2215 1177 2250 Sarpedontis
1205 2218 1378 2251 peneultima

100 2247 223 2275 habebit.
261 2249 309 2275 sed
328 2248 358 2275 in
376 2249 430 2276 hoc
448 2250 606 2283 usurpauit,
632 2249 799 2284 Sarpedonis
818 2250 966 2284 (sarpedon
985 2251 1038 2285 his)
1063 2252 1138 2278 enim
1161 2252 1258 2280 debuit
1277 2253 1377 2287 dicere,

58 2286 71 2296 ⁹
100 2284 132 2310 ut
149 2283 280 2311 Memnon
298 2284 461 2312 Memnonis.
500 2285 614 2320 Simois]
638 2293 740 2312 nomen
761 2306 766 2312 .
784 2306 789 2312 .
806 2306 811 2312 .
831 2285 924 2312 breuis
947 2288 997 2314 est.
1036 2287 1065 2314 et
1087 2287 1133 2314 hic
1158 2288 1260 2315 flumen
1280 2289 1380 2316 Troiae

101 2355 148 2381 est.
188 2354 332 2391 Correpta]
353 2357 442 2390 rapta.
465 2356 492 2382 P
513 2357 522 2391 ΙΙ
545 2359 578 2383 27
600 2355 780 2391 Sarpedonis]
800 2336 958 2391 sdpedionis
978 2358 1010 2383 K
1029 2359 1038 2392 ΙΙ
1062 2360 1095 2385 28
1115 2359 1290 2392 sarpedontis
1310 2359 1342 2386 K

155 2403 227 2424 Servii
242 2410 321 2425 comm,
336 2406 400 2425 Tom.
416 2406 434 2425 1.
449 2406 513 2426 Fuso.
528 2406 547 2428 Ι,
1152 2407 1167 2430 »1
