1722 2670
473 147 586 174 COMM.
605 148 644 175 IN
663 149 771 177 VERGr
791 150 874 178 AEN.
895 151 941 178 III.
963 155 1113 180 evo-284.
1365 155 1428 187 391

149 238 206 268 que
235 230 366 261 mercede
396 229 596 271 transvehere,
635 230 779 262 Venerem
809 219 961 264 mutatam
988 235 1023 265 in
1050 235 1143 267 anuis
1168 236 1305 275 formam
1330 238 1431 278 gyratis

155 282 339 314 transveoeit:
375 285 558 324 quapropter
585 283 624 315 ab
651 294 687 315 ea
713 285 845 317 donatus
867 288 1014 327 unquenti
1037 273 1193 320 alabastro
1216 300 1285 321 eum
1307 300 1339 322 se
1361 292 1382 330 †
1396 291 1430 323 in

149 335 213 366 dies
227 335 362 367 inditum
375 338 529 376 unqueret,
546 336 681 376 feminas
699 338 734 369 in
752 339 803 370 sui
821 349 956 371 amorem
976 340 1120 379 trahebat,
1139 342 1173 373 in
1191 343 1260 382 quis
1276 343 1340 383 fuit
1355 354 1429 383 una,

148 398 226 428 quae
254 389 291 420 de
319 391 419 420 monte
441 389 572 422 Leucate
602 400 671 422 eum
695 392 796 431 potiri
824 392 890 424 eius
919 393 1058 433 nequiret
1084 394 1225 427 abiecisse
1247 406 1278 427 se
1300 397 1429 429 dieitur:

147 442 228 473 unde
249 451 332 474 nune
354 444 516 474 auctorare
538 453 568 475 se
590 444 756 483 quotannis
778 445 876 476 solent
902 446 956 486 qui
978 447 1014 478 de
1036 456 1068 478 eo
1092 450 1192 479 monte
1214 448 1372 481 iaeiantur
1394 451 1429 482 in
1448 457 1463 480 5

144 495 283 536 pelayus.
327 496 455 536 quidam
478 496 513 527 id
532 496 603 536 fieri
619 499 747 537 propter
770 497 922 530 Leucaten
939 509 1073 539 puerum
1097 501 1215 540 dieunt,
1245 512 1334 542 quem
1361 513 1430 534 eum

149 548 263 589 Apollo
300 548 387 580 vellet
421 559 542 590 rapere,
579 550 614 581 in
650 560 736 582 mare
771 561 802 582 se
831 552 964 591 proiecit
999 555 1187 594 montemque
1223 556 1430 596 cognominem

148 602 208 634 sibi
228 602 309 642 feeit.

237 656 311 688 280.
349 664 453 687 ACTIA
481 665 613 689 LITORA
641 659 677 689 ut
707 669 804 699 supra
827 659 976 700 diximus,
999 663 1133 702 propter
1158 661 1341 703 Augustum
1365 662 1428 695 hoo

148 708 236 751 dicit,
260 709 316 750 qui
339 709 407 741 illic
430 709 524 742 ludos
549 711 666 742 statuit
689 712 853 753 agonales‚
876 713 987 745 demeto
1006 714 1144 746 Antonio
1167 717 1196 746 et
1209 713 1381 755 Cleopatra.
1446 722 1479 746 10

236 763 310 795 281.
347 771 494 795 PATRIAS
519 772 742 797 PALAESTRAS
766 765 948 806 palaestrae
967 778 1044 799 usus
1063 767 1205 808 primum
1226 769 1311 809 apud
1327 769 1426 801 Athe·

143 816 273 849 nienses
297 818 445 858 repertus
470 819 527 849 est.
565 817 699 850 Troiani
723 820 831 851 autem
854 821 984 860 praeter
1007 819 1197 853 Dardanum
1220 824 1253 853 et
1269 821 1427 854 Teucrum

146 870 246 902 etiam
270 870 311 901 ab
327 869 580 902 Atheniensibus
605 872 768 913 originem
793 872 927 904 ducunt:
950 873 1034 905 unde
1054 875 1086 906 et
1100 874 1281 907 Minervam
1305 876 1426 908 colunt.

143 923 220 955 hinc
244 925 296 955 est
318 923 352 955 in
372 924 512 956 seeundo
528 924 635 966 <188>
649 936 720 957 neu
743 926 928 967 populum
950 927 1115 969 antiqua
1139 928 1207 960 sub
1232 928 1426 970 religione

145 977 247 1009 tueri
286 976 453 1019 ‘antiqua'
485 978 598 1009 scilicet
630 978 671 1009 ab
702 978 956 1011 Atheniensibus
989 980 1118 1012 tradita.
1174 980 1314 1013 ‘Iliacis'
1348 993 1425 1025 ergo
1446 988 1478 1012 15

145 1030 415 1072 Atheniensibus,
444 1031 528 1062 unde
553 1031 689 1063 Ilienses
719 1032 908 1064 didicerunt.
954 1043 1030 1065 nam
1057 1036 1085 1065 et
1114 1034 1235 1066 Vestam
1258 1036 1323 1067 ideo
1349 1036 1424 1068 Tro-

145 1084 215 1116 iani
237 1084 353 1126 colunt,
381 1085 456 1124 quia
478 1085 582 1116 eadem
606 1087 688 1116 terra
715 1088 770 1127 est,
799 1086 967 1127 terriyenas
989 1089 1091 1118 autem
1114 1087 1314 1120 Athenienses
1336 1099 1424 1122 nemo

143 1137 271 1169 dubitat.

230 1191 304 1223 283.
341 1199 462 1223 FVGAM
486 1199 653 1224 TENVISSE
678 1191 817 1223 feliciter
836 1192 1022 1234 navigasse:
1047 1204 1122 1225 nam
1138 1193 1280 1226 ‘tenere’
1296 1197 1345 1227 est
1364 1195 1423 1227 im-

141 1244 241 1286 plere,
263 1246 300 1277 ut
315 1245 424 1286 <686>
440 1245 478 1276 ni
502 1247 660 1277 teneant
685 1256 818 1277 cursus
843 1249 979 1277 eertum
1002 1249 1055 1278 est
1071 1248 1159 1279 dare
1178 1248 1295 1280 lintea
1312 1251 1423 1288 retro,
1442 1254 1476 1278 2ο

142 1297 175 1328 id
199 1299 249 1329 est
271 1297 439 1340 impleant.
487 1300 519 1330 et
547 1300 658 1340 potest
686 1298 834 1341 intellegi
859 1299 1034 1331 secundum
1058 1311 1260 1333 communem
1284 1313 1422 1344 sensum,

141 1351 183 1382 ob
206 1351 269 1383 hoc
292 1362 347 1384 eos
372 1352 544 1393 lustratos,
574 1352 606 1383 id
631 1353 681 1384 est
710 1352 872 1394 expiatos,
901 1353 942 1384 ob
967 1353 1029 1385 hoc
1053 1354 1250 1386 sacrificasse
1274 1357 1306 1387 et
1329 1355 1421 1388 ludos

141 1404 331 1446 celebrasse,
355 1405 431 1447 quia
454 1405 591 1437 hostiles
615 1407 720 1450 terras
744 1416 901 1447 prospera
923 1406 1133 1447 navigatione
1157 1407 1362 1441 transierant.

231 1458 304 1490 284.
342 1467 493 1491 MAGNVM
526 1467 590 1491 son
625 1467 936 1491 cmcvmvonvrrvn
964 1468 1086 1491 ANNVM
1116 1460 1241 1502 antiqui
1273 1463 1421 1503 tempora

141 1512 301 1543 sideribus
335 1512 568 1553 computabant
602 1514 634 1544 et
666 1512 816 1544 dixerunt
848 1513 954 1554 primo
987 1513 1133 1545 lunarem
1167 1525 1286 1546 annum
1317 1515 1418 1548 XXX.
1438 1521 1472 1545 25

140 1565 280 1596 dierum:
304 1565 389 1597 unde
412 1565 575 1597 invenitur
598 1566 633 1597 in
657 1565 820 1607 aliquibus
843 1564 993 1598 DCOCC.
1014 1577 1171 1598 annorum
1194 1567 1271 1609 vita,
1296 1568 1420 1600 scilicet

140 1618 312 1650 lunarium.
358 1620 472 1659 postea
497 1619 683 1650 solstitialis
709 1630 810 1651 annus
827 1621 980 1661 ⁴repertus
1005 1622 1066 1661 est,
1100 1620 1155 1661 qui
1179 1620 1251 1652 XII.
1276 1622 1419 1654 continet

140 1682 275 1703 menses.
308 1682 383 1703 mox
407 1672 530 1704 maiore
554 1683 631 1703 eura
655 1683 775 1703 annum
799 1683 869 1704 esse
893 1683 1048 1714 magnum
1071 1673 1244 1705 voluerunt
1268 1675 1418 1706 omnibus

138 1725 280 1767 planetis
303 1725 338 1756 in
358 1725 493 1757 eundem
513 1725 752 1757 recurrentibus
773 1726 892 1767 locum,
917 1727 949 1757 et
967 1726 1020 1758 hic
1039 1726 1085 1768 fit,
1109 1728 1146 1758 ut
1164 1738 1262 1768 supra
1277 1727 1314 1768 <I
1329 1727 1416 1769 269>

211 1825 246 1848 24
265 1822 375 1855 antiqui
393 1822 523 1856 tempora
541 1830 563 1849 e.
583 1831 609 1856 q.
629 1822 663 1857 s.]
684 1822 718 1849 ef.
738 1822 774 1849 ad
792 1822 860 1850 Aen.
879 1822 892 1848 Ι
911 1825 961 1849 269

213 1914 227 1937 1
248 1911 327 1938 anuis
347 1910 512 1937 Ribbeckius
531 1919 595 1938 com.
615 1911 662 1937 lat.
682 1911 728 1937 rel.
748 1919 778 1945 p.
799 1914 833 1938 84
853 1911 891 1938 ed.
911 1911 936 1937 I:
960 1910 1040 1937 nauis
1060 1911 1121 1937 FT
1145 1920 1214 1938 anus
1235 1912 1391 1939 Masvicius
1408 1913 1417 1948 Η

139 1950 154 1973 2
173 1947 202 1973 in
221 1946 279 1973 dies
298 1946 362 1973 inde
381 1948 442 1972 tum
461 1947 579 1981 ungeret
599 1947 754 1973 Masvicius
785 1946 849 1973 inde
867 1948 959 1973 totum
977 1947 1114 1981 ungueret
1131 1947 1296 1974 Ribbeckius
1326 1948 1417 1975 indies

139 1982 204 2009 inde
223 1982 390 2016 inungueret
408 1982 542 2016 Hayenus
565 1982 594 2008 in
614 1982 659 2008 dei
678 1982 889 2008 similitudinem
908 1992 934 2009 u.
954 1982 1146 2009 F.Schoellius
1159 1983 1168 2016 ΙΙ
1183 1986 1198 2009 3
1217 1991 1267 2010 sua
1284 1983 1309 2009 T
1321 1984 1330 2017 ΙΙ
1361 1985 1416 2011 tra-

138 2018 229 2045 hebat
250 2018 286 2044 T:
304 2017 456 2044 trahebant
475 2018 505 2043 F
516 2019 525 2052 ΙΙ
539 2017 568 2044 in
587 2017 661 2052 quis]
683 2026 697 2044 e
716 2017 816 2051 quibus
838 2018 884 2052 Tu
899 2021 915 2044 4
934 2017 1026 2052 poteri
1044 2017 1074 2044 F
1086 2018 1095 2052 ΙΙ
1109 2017 1181 2053 eius]
1201 2018 1241 2044 eis
1258 2019 1283 2045 T
1294 2020 1304 2053 ΙΙ
1318 2027 1347 2046 se
1365 2027 1414 2046 om.

538 2069 551 2081 V

139 2089 166 2115 T
184 2089 194 2123 11
213 2091 228 2115 5
249 2089 394 2115 auctorare
416 2089 441 2114 T
467 2089 612 2116 auctorare
632 2088 663 2115 F
678 2090 688 2123 ΙΙ
710 2088 866 2122 quodannis
885 2088 915 2114 F
930 2089 940 2122 ΙΙ
962 2086 1052 2115 iaciari
1072 2088 1103 2115 F
1127 2088 1266 2116 iaciuntur
1287 2090 1312 2116 Τ
1328 2091 1338 2124 ΙΙ
1353 2093 1368 2117 6
1386 2089 1416 2116 id

139 2132 190 2151 om.
210 2124 240 2150 F
251 2125 261 2156 11
280 2127 295 2150 7
315 2132 392 2151 mare
413 2124 450 2150 T:
473 2133 519 2151 ma
538 2124 568 2150 F
579 2125 588 2158 ΙΙ
607 2132 761 2158 cognomen
782 2124 806 2150 T
818 2125 827 2157 ΙΙ
847 2127 880 2150 10
899 2124 959 2159 qui]
979 2123 1045 2158 quia
1063 2124 1089 2150 L
1102 2125 1112 2158 ΙΙ
1131 2125 1263 2159 agonales
1283 2125 1359 2151 LH:
1387 2127 1415 2152 et

137 2168 230 2194 agona
248 2159 278 2186 F
283 2159 306 2186 0
331 2160 360 2186 et
377 2160 512 2194 agonales
529 2160 599 2186 ME
611 2160 620 2194 ΙΙ
635 2160 770 2194 deopatra
783 2159 814 2185 F
825 2160 834 2194 Ιὶ
850 2163 880 2186 11
901 2160 1007 2194 primus
1021 2159 1052 2186 F
1057 2159 1100 2194 011
1115 2163 1147 2186 12
1162 2160 1286 2196 praeter]
1301 2162 1416 2195 propter

139 2195 209 2222 Foz
222 2195 232 2229 ΙΙ
247 2198 280 2221 14
299 2195 445 2229 relligione
461 2195 553 2222 FEm
567 2196 576 2229 ΙΙ
591 2199 623 2222 15
640 2195 747 2222 scilicet
765 2195 825 2222 hab.
843 2195 865 2222 0
877 2195 886 2229 ΙΙ
901 2198 933 2222 16
949 2195 1119 2230 didicerunt]
1134 2195 1190 2222 dici
1205 2197 1357 2229 coeperunt
1371 2196 1394 2222 C
1406 2196 1415 2231 Η

140 2234 172 2257 17
192 2231 268 2257 terra
287 2231 315 2257 et
333 2230 487 2265 terrigenes
502 2232 596 2258 autem
611 2231 647 2263 F,
667 2231 784 2257 correxit
800 2231 979 2258 Gommelinus
991 2231 1001 2265 ΙΙ
1015 2234 1047 2257 21
1063 2231 1234 2265 impleantur
1249 2231 1306 2258 FC
1317 2232 1326 2265 11
1341 2239 1413 2258 com-

138 2266 262 2300 munem]
283 2266 506 2293 communionem
525 2267 555 2293 F
567 2267 576 2300 ΙῘ
594 2270 626 2293 22
647 2268 676 2293 et
694 2266 774 2293 ludos
794 2266 948 2293 celebrasse
967 2275 1016 2293 om.
1036 2266 1067 2293 F
1078 2267 1088 2301 ΙΙ
1106 2269 1140 2293 24
1159 2275 1291 2300 magnum
1310 2275 1344 2292 ne
1363 2276 1413 2300 pu-

137 2302 228 2328 temus
252 2301 379 2328 lunarem
403 2310 462 2329 esse
486 2303 634 2336 propterea
658 2302 735 2328 dixit.
773 2302 881 2336 antiqui
905 2301 979 2328 enim
1001 2303 1130 2336 tempora
1152 2310 1172 2329 e.
1197 2311 1220 2336 q.
1244 2310 1264 2329 s.
1284 2302 1388 2328 Daniel

137 2340 171 2363 26
197 2336 364 2370 quibusdam
385 2338 423 2364 M
445 2339 468 2371 (t
491 2337 632 2374 aliquibus
655 2345 787 2371 superser.
811 2338 848 2372 m)
875 2338 885 2372 ss
911 2340 945 2364 28
965 2346 1097 2372 magnum
1121 2346 1224 2364 annum
1248 2345 1307 2364 esse
1332 2336 1389 2364 FO

137 2375 170 2399 29
191 2372 401 2399 decurrentibus
420 2373 516 2399 LHE
528 2374 537 2408 ΙΙ
552 2373 610 2408 hic]
630 2373 683 2400 hoc
704 2373 747 2399 Fl
774 2373 826 2400 hec
846 2373 890 2407 011
904 2381 987 2408 supra
1005 2381 1054 2400 orn.
1075 2372 1133 2400 FO
1408 2397 1410 2399 .
