1630 2684
495 578 652 615 SERVII
681 579 986 615 GRAMMATICI

119 712 123 716 .
154 678 211 720 IN
241 678 478 722 VERGILII
509 679 772 722 AENEIDOS
806 680 1010 722 LIBRVM
1043 679 1323 723 SECVNDVM

533 786 952 830 COMMENTARIVS.

197 944 224 975 1.
257 951 479 976 con'rlchRE
500 951 617 975 OMNES
641 943 718 984 quia
737 954 834 985 supra
853 943 889 984 <1
910 943 994 985 725>
1013 943 1096 975 dixit
1119 944 1168 975 fit
1193 945 1385 986 strepitus

104 997 234 1029 tectis.
281 995 496 1029 ‘conticuere'
521 998 630 1028 autem
653 1007 712 1038 pro
737 997 975 1028 conticuerunt:
1002 997 1087 1038 quod
1110 998 1206 1029 metri
1229 1009 1327 1030 causa
1350 999 1387 1029 fit

105 1051 158 1083 vel
181 1051 307 1083 ratione
331 1050 556 1082 clausularum.
597 1060 657 1082 nee
680 1052 730 1081 est
753 1052 789 1081 ut
813 1050 944 1091 quidam
968 1050 1079 1082 dieunt
1099 1051 1204 1082 dualis
1225 1062 1387 1092 numerus,

107 1105 161 1146 qui
194 1104 279 1146 apud
308 1103 442 1135 Latinos
474 1114 652 1145 numquam
686 1103 815 1144 penitus
849 1104 1020 1136 invenitur.
1067 1106 1099 1135 et
1132 1104 1212 1135 bene
1243 1104 1387 1136 ‘omnes'

107 1157 244 1198 addidit3
267 1158 420 1198 poterant
444 1157 528 1188 enim
553 1156 651 1188 simul
675 1156 820 1198 quidam,
846 1156 902 1188 sed
924 1168 990 1188 non
1015 1168 1139 1198 omnes,
1163 1159 1280 1189 tacere.

107 1219 327 1254 IN'OENTIQVE
353 1218 422 1242 ORA
445 1219 630 1242 TENEBANT
659 1211 716 1241 aut
739 1220 796 1241 ora
819 1209 1029 1242 intuebantur
1058 1210 1234 1252 loquentis,
1263 1213 1320 1243 aut
1343 1211 1389 1243 in-

107 1264 245 1296 mobiles
270 1264 379 1295 vultus
402 1263 580 1305 habebant,
608 1265 645 1294 ut
672 1263 877 1304 tenuitque
906 1263 1062 1295 inhians
1091 1264 1169 1295 tria
1197 1263 1388 1296 Cerberus

108 1329 187 1360 ora,
210 1317 244 1349 id
267 1319 317 1349 est
335 1317 508 1348 inmobilia
528 1316 653 1348 habuit.
691 1317 747 1347 aut
767 1315 945 1347 ‘tenebant'
966 1316 1144 1358 habebant,
1167 1319 1202 1348 ut
1223 1318 1265 1349 sit
1286 1318 1389 1358 fiyura

107 1371 363 1412 etdntelleqczmus
387 1370 433 1402 ‘in
485 1373 516 1402 ta
536 1369 699 1411 tenebant',
722 1372 760 1401 ut
780 1369 950 1401 Terentius
970 1381 1055 1401 nam
1074 1369 1243 1402 Andriae
1267 1371 1329 1402 illi
1353 1370 1389 1402 id

109 1426 194 1457 erat
220 1435 366 1456 nomen.
394 1426 431 1456 te
465 1435 516 1456 eo.
562 1424 634 1456 ideo
664 1425 773 1455 autem
801 1423 862 1455 hoc
895 1423 1032 1465 addidit,
1069 1424 1144 1465 quia
1176 1425 1285 1465 potest
1320 1425 1389 1465 quis

107 1480 228 1519 tacere,
250 1489 310 1510 nee
335 1477 510 1509 advertere.

199 1531 227 1563 2.
261 1539 346 1562 INDE
371 1531 557 1572 aphaeresis
582 1532 645 1578 estz
669 1541 727 1572 pro
749 1530 875 1561 deinde:
899 1530 944 1561 vel
962 1532 997 1561 ut
1014 1530 1141 1570 quidam
1159 1531 1265 1562 volunt
1287 1530 1391 1562 ‘tund

199 1593 293 1616 TORO
313 1593 357 1615 AB
378 1593 470 1616 ALTO
496 1595 641 1616 summus
661 1584 747 1615 enim
767 1594 894 1624 semper
913 1585 963 1614 est
982 1583 1178 1624 pontificalis
1203 1584 1306 1625 loeus3
1329 1594 1392 1615 ‘non

109 1638 192 1670 enim
215 1637 323 1670 tiabat
343 1647 441 1678 supra
464 1648 562 1678 reyem
580 1637 789 1678 sacrificulum
808 1647 990 1677 quemquam
1008 1637 1188 1669 accumbere.
1222 1647 1291 1669 eum
1311 1638 1392 1669 enim

109 1692 185 1724 dicit
205 1691 242 1723 de
263 1690 387 1723 Didone
410 1691 446 1732 <1
466 1691 551 1733 698>
575 1702 689 1723 aurea
711 1690 907 1731 conposuit
928 1691 1069 1731 sponda
1091 1691 1320 1731 mediamque
1343 1691 1392 1722 lo-

182 1809 198 1833 3
217 1814 269 1833 nec
288 1806 330 1832 est
345 1826 350 1832 .
368 1827 373 1832 .
390 1827 395 1833 .
415 1805 567 1840 invenitur]
588 1805 622 1832 cf.
638 1805 743 1832 Charis.
758 1814 785 1839 p.
804 1808 863 1838 175,
880 1808 912 1831 13
922 1804 954 1830 Κ.
983 1804 1131 1831 Ribbeckii
1149 1804 1256 1839 proleg.
1276 1813 1302 1838 p.
1320 1806 1370 1830 169
1385 1804 1393 1838 ᾖ]

112 1844 127 1868 ’1
146 1841 305 1876 tenuitque]
325 1849 419 1876 georg.
440 1841 481 1868 IV
498 1842 573 1875 48311
591 1844 607 1867 9
628 1840 786 1876 Terentius]
806 1840 890 1868 Andr.
910 1841 922 1866 I
943 1843 967 1874 1,
986 1842 1020 1866 58

185 1953 198 1976 1
219 1949 257 1976 ad
274 1957 298 1975 v.
321 1951 334 1975 1
355 1947 521 1975 Conticuere
541 1947 648 1982 omnes]
673 1947 740 1980 quia
759 1955 843 1981 supra
861 1946 932 1973 dixit
954 1946 997 1972 ‘fit
1016 1945 1170 1980 strepitus&
1210 1946 1392 1973 ‘conticuere’

113 1986 208 2012 autem
227 1993 278 2019 pro
297 1984 500 2011 conticuerunt.
538 1983 620 2009 metri
640 1991 723 2010 causa
742 1983 774 2009 fit
792 1982 838 2009 uel
857 1982 965 2009 ratione
985 1982 1080 2015 (ratio)
1100 1982 1295 2008 clausularum.
1339 1981 1395 2008 Ora¹

113 2020 259 2055 tenebant]
279 2020 308 2046 id
327 2021 369 2046 est
387 2019 535 2046 inmobiles
554 2019 648 2045 uultus
668 2018 824 2050 habebant,
844 2018 875 2043 ut
895 2017 1051 2051 ‘tenuitque
1070 2017 1182 2044 inhians
1201 2017 1320 2051 (hyians)
1339 2017 1395 2044 tria

113 2055 248 2082 Cerberus
272 2055 341 2082 ora'.
364 2055 391 2081 P
411 2056 421 2089 ΙΙ
449 2058 464 2081 2
484 2055 559 2088 quod
582 2063 632 2081 om.
654 2053 677 2080 0
697 2055 706 2087 ΙΙ
729 2053 880 2087 metrisssssss
898 2053 920 2079 (J
945 2054 1026 2087 (duae
1050 2053 1155 2079 litterae
1172 2061 1271 2088 'rasae
1293 2056 1388 2087 sunt)
1387 2054 1393 2079 1

1263 2098 1349 2118 intonit

114 2129 130 2152 5
145 2126 260 2160 quidam
276 2127 312 2152 M
318 2126 382 2153 021
401 2125 514 2159 quidem
530 2125 582 2152 CL
587 2125 621 2151 H
631 2126 640 2158 ΙΙ
655 2128 670 2151 8
685 2124 714 2150 id
728 2124 771 2150 est
785 2123 941 2150 immobilia
955 2124 1097 2151 habebant
1112 2125 1184 2158 (εἰσὶ)
1199 2125 1248 2150 aut
1261 2124 1396 2151 tenebant

114 2163 147 2188 ut
145 2135 202 2188 qsit
220 2162 309 2196 figura
327 2162 356 2188 et
374 2161 571 2195 intellegamus
590 2161 700 2187 intenta
718 2159 862 2185 habebant
880 2160 911 2185 ut
929 2159 1065 2186 terentius
1085 2160 1107 2186 0
1134 2160 1245 2193 (intenti
1262 2168 1395 2193 superser.

117 2196 158 2223 Οἳ.
178 2171 274 2224 delevgit
287 2197 323 2223 F.
340 2197 500 2230 Schoellius)
514 2198 524 2230 ΙΙ
538 2200 553 2223 9
573 2196 603 2222 id
618 2197 678 2223 erat
693 2195 740 2222 Cl·
761 2194 840 2220 deret
854 2194 879 2219 L
902 2195 999 2221 deerat
1013 2195 1047 2221 Η
1066 2196 1127 2221 erat
1143 2195 1212 2221 ME
1225 2197 1234 2228 ΙΙ
1252 2199 1282 2221 12
1298 2196 1334 2221 ad
1344 2203 1367 2221 v.
1379 2198 1394 2220 2

117 2231 213 2267 Orsus]
233 2233 279 2259 hic
294 2232 387 2267 coepit
402 2232 497 2266 (cepit)
516 2232 586 2259 alibi
601 2231 674 2264 finit,
694 2230 754 2256 ut‘
758 2229 797 2256 sic
811 2229 936 2264 Iuppiter
950 2230 1049 2257 orsus‘.
1067 2230 1115 2265 Pu
1129 2230 1193 2257 inde
1210 2231 1269 2257 GH
1285 2230 1395 2263 <deinde

648 2282 693 2300 pon
679 2276 742 2295 nitfle
743 2274 785 2294 alis

119 2302 185 2335 0²71)
206 2304 217 2337 ΙΙ
238 2303 318 2364 alelut
337 2303 360 2330 C
380 2304 390 2337 ΙΙ
414 2306 447 2330 13
467 2312 590 2330 summus
609 2303 683 2329 enim
702 2302 780 2328 locus
800 2302 844 2327 est
863 2300 886 2327 0
906 2301 1087 2335 (pontificalis
1105 2309 1237 2335 superse-r.
1258 2300 1303 2333 0²)
1321 2301 1331 2334 ΙΙ
1354 2301 1397 2326 est

117 2346 227 2372 semper

1133 2380 1185 2407 14*

1412 1427 1443 1451 10
