1630 2684
499 147 613 176 COMM.
632 148 672 176 IN
690 147 797 175 VERG.
817 146 900 175 AEN.
920 148 940 175 Ι.
961 150 1110 176 526—533.
1381 150 1444 182 163

164 233 202 262 ut
222 230 379 263 Horatius
403 230 468 272 qui
490 240 588 262 nunc
611 229 804 272 Hesperia
827 241 959 272 sospes
984 231 1028 262 ab
1052 231 1198 263 ultima.
1237 234 1269 264 et
1292 232 1372 264 haec
1396 234 1446 264 est

165 296 242 317 vera
260 284 431 326 Hesperia,
455 283 495 315 ab
519 282 667 325 Hespero
690 284 791 326 dicta,
814 284 846 315 id
871 286 921 316 est
945 284 1041 316 stella
1064 285 1266 317 occidentali.
1304 288 1446 318 ceterum

164 337 263 370 Italia
280 337 440 379 Hesperia.
463 336 579 368 dicitur
603 348 623 369 a
645 335 745 369 fratie
764 337 925 379 Atlantis,
948 338 1004 379 qui
1026 338 1139 379 pulsus
1164 350 1183 370 a
1206 349 1362 380 germano
1382 339 1446 371 Ita-

164 392 243 423 liam
276 390 382 423 tenuit
409 390 502 432 eique
530 401 648 422 nomen
680 391 849 433 pristinae>
865 391 1008 433 regionis
1041 392 1199 434 inposuit,
1232 394 1269 424 ut
1296 391 1447 434 Hyginus

165 444 267 476 docet.
356 456 429 476 otus
444 456 610 477 coamomm:
627 457 737 477 DICVNT
758 445 829 477 bene
844 444 964 487 ‘Grai',
987 448 1023 477 nt
1045 448 1073 477 et
1090 446 1160 486 ipsa
1178 448 1346 487 cognoseat,
1370 446 1449 477 sieut

164 498 200 530 in
220 499 323 529 octavo
344 497 509 538 Electra,
532 500 575 528 ut
597 496 693 529 Grai
710 498 920 540 perhibent,
943 499 1141 531 Atlantide
1163 502 1291 531 cretus.

252 550 326 582 531.
362 559 520 589 ANTIQVA
543 551 678 593 nobilis,
702 563 762 584 nec
777 552 864 584 enim
879 563 963 584 nova
978 563 1048 584 esse
1068 554 1191 595 potest,
1214 553 1291 585 licet
1310 553 1448 594 primam

164 605 284 637 terram
304 616 395 637 suam
415 616 485 636 esse
505 605 615 637 dicant
629 605 856 638 Athenienses.
947 619 1055 639 forms
1074 619 1165 638 Aizms
1186 607 1310 638 dicendo
1334 606 1450 647 ‘potens

163 657 283 697 armis’,
309 658 462 690 Troianos
484 659 636 697 laudavit,
660 662 695 691 ut
717 660 897 701 ostenderet,
920 670 984 691 non
1006 670 1037 692 se
1060 659 1231 692 Bellicosam
1254 661 1358 691 timere
1375 670 1450 701 pro-

163 712 306 743 vim‘am.
397 720 511 744 vssnmt
535 721 674 744 GLEBAE
699 712 811 745 ‘uber'
835 713 965 754 proprie
995 715 1046 745 est
1069 713 1257 745 fecunditas.
1305 715 1338 745 et
1367 713 1448 745 bene

165 765 282 797 Italiae
320 764 493 807 virtutem*
512 765 809 808 fecunditatemque
845 767 1032 808 conlaudat,
1068 778 1108 798 ne
1146 766 1292 798 Africam
1329 767 1450 808 petisse

166 819 345 851 videantur.

254 872 328 905 532.
353 872 506 905 OENOTRI
522 881 686 905 COhVERE
701 882 775 905 VIBI
795 874 885 905 deest
900 873 1031 915 ‘quam’.
1061 873 1218 906 Oenotria
1237 876 1346 906 autem
1365 874 1451 906 dicta

167 927 216 958 est
239 926 290 958 vel
314 937 333 958 a
356 926 432 958 vino
457 926 596 968 optimo,
620 927 705 969 quod
730 928 764 959 in
788 927 888 959 ltalia
914 927 1072 968 nascitur,
1104 927 1155 959 vel
1178 930 1214 959 ut
1237 927 1344 959 Varro
1373 928 1452 959 dicit

164 979 205 1011 ab
234 978 391 1020 Oenotro,
419 989 496 1022 rege
528 978 724 1011 Sabinorum
754 980 774 1019 †
789 981 864 1020 quia
893 980 952 1012 alii
978 982 1101 1020 partem
1130 980 1245 1012 Italiae
1274 979 1451 1012 Oenotriam

166 1034 294 1065 tradunt
315 1044 354 1065 ea·
377 1033 519 1064 Arcadia
536 1033 710 1073 profectum
733 1034 768 1064 in
790 1033 922 1065 Italiam
945 1034 1060 1065 venisse
1083 1043 1153 1065 eum
1174 1033 1312 1074 Pelasqis
1335 1036 1364 1065 et
1384 1045 1452 1066 eam

165 1086 225 1118 solvi
243 1086 451 1127 ooyrwminem
471 1086 586 1126 fecisse.
667 1096 764 1118 FAMA
784 1087 993 1119 subaudimus
1014 1086 1096 1118 ‘est'.
1179 1095 1331 1119 MINORES
1353 1088 1453 1119 maio-

165 1150 217 1171 res
250 1142 283 1172 et
315 1140 457 1172 minores
491 1140 641 1182 quotiens
674 1140 713 1172 de
746 1150 863 1181 genere
897 1140 1033 1172 dicimus
1066 1140 1192 1172 numeri
1221 1142 1296 1172 sunt
1323 1142 1452 1173 tantum

166 1193 314 1234 pluralis.

254 1246 329 1278 533.
366 1255 515 1278 ITALIAM
538 1246 642 1279 Italus
666 1258 721 1279 rex
746 1246 878 1279 Siciliae
901 1247 941 1279 ad
970 1258 1041 1279 eam
1069 1249 1196 1288 partem
1220 1247 1309 1279 venit
1332 1248 1366 1279 in
1390 1259 1452 1289 qua

165 1300 316 1342 regnavit
339 1299 481 1339 Turnus,
510 1311 608 1342 quam
632 1312 651 1332 a
675 1311 733 1332 suo
762 1300 892 1332 nomine
917 1300 1094 1341 appellavit
1118 1300 1266 1332 Italiam:
1294 1301 1377 1332 unde
1402 1304 1452 1333 est

164 1353 266 1385 fines
300 1365 416 1395 super
448 1365 568 1396 usque
597 1353 759 1386 Sicanos
782 1352 852 1397 [non
883 1365 984 1395 usque
1014 1354 1052 1385 ad
1082 1353 1242 1395 Siciliam3
1274 1365 1333 1385 nec
1366 1354 1452 1386 enim

164 1408 295 1448 poterat
322 1407 410 1448 fieri3
439 1407 494 1439 sed
524 1418 626 1449 usque
650 1407 691 1439 ad
716 1418 753 1438 ea
775 1407 863 1448 loca,
892 1400 974 1449 quae
998 1409 1172 1439 tenuerunt
1197 1406 1317 1446 Sicani,
1346 1407 1378 1439 id
1402 1410 1452 1439 est

166 1459 268 1492 Siculi
293 1471 312 1492 a.
336 1459 466 1502 Sicano,
489 1460 565 1492 Itali
596 1460 706 1493 fratre.
752 1461 811 1492 alii
833 1460 965 1492 Italiam
993 1471 1014 1492 a
1037 1461 1132 1493 bubus
1155 1461 1265 1501 quibus
1287 1463 1332 1493 est
1354 1461 1453 1492 Italia

163 1513 290 1553 smilis,
317 1514 393 1554 quia
422 1514 534 1546 Graeci
562 1514 647 1546 boves
664 1511 822 1555 ,ἰταλοὺς,
850 1524 906 1546 nos
933 1514 1045 1546 vitulos
1072 1515 1219 1552 dicimas;
1253 1514 1312 1546 aliz·
1339 1525 1360 1545 a
1386 1525 1452 1554 reye

165 1567 320 1608 Diqumm
342 1567 442 1606 Italo;
469 1568 528 1600 alii
555 1568 594 1599 ab
621 1568 739 1600 advena
761 1567 926 1606 Molossio;
954 1568 1013 1600 aliz·
1035 1579 1055 1599 a
1079 1567 1241 1609 Corcyreoe
1269 1568 1328 1599 alii
1351 1578 1371 1598 a
1400 1568 1453 1599 Ve-

240 1658 253 1682 1
273 1655 420 1691 Horatius]
440 1664 524 1682 carm.
544 1656 556 1682 I
571 1659 614 1688 36,
625 1658 641 1682 4
655 1656 664 1690 11
679 1657 707 1682 et
725 1656 796 1682 haec
812 1678 817 1683 .
834 1676 840 1682 .
856 1677 862 1683 .
879 1655 1061 1690 occidentali]
1083 1664 1167 1683 exscr.
1183 1655 1247 1682 lsid.
1264 1655 1332 1689 orig.
1348 1655 1412 1681 XlV
1428 1658 1452 1688 4,

166 1691 255 1725 28116
274 1690 304 1717 111
323 1691 434 1726 octavo]
456 1692 577 1725 1351122
597 1691 677 1726 fines]
698 1691 729 1718 A.
749 1691 788 1717 XI
807 1694 858 1718 317

242 1774 255 1797 1
275 1771 418 1806 hesperias
438 1780 505 1806 opes
524 1772 589 1798 LH
600 1772 609 1806 11
624 1775 639 1798 2
654 1771 684 1798 id
703 1772 746 1798 est
763 1780 813 1798 om.
832 1772 905 1798 ΒΜ
916 1773 926 1806 11
940 1773 983 1799 est
1001 1780 1051 1799 om.
1073 1771 1096 1798 Ο
1112 1771 1186 1804 (add.
1208 1771 1252 1803 0³)
1245 1772 1276 1805 )11
1290 1774 1307 1797 4
1326 1770 1453 1805 Hyginus

167 1806 249 1834 docet
268 1807 326 1833 Hl:
344 1807 383 1841 hy
364 1816 471 1842 ygenus
490 1807 573 1834 docet
587 1808 612 1833 L
641 1807 723 1834 docet
740 1808 841 1841 yginus
856 1807 914 1834 BC
939 1808 1022 1835 docet
1040 1807 1152 1841 higinus
1168 1807 1205 1833 M
1217 1808 1256 1848 115
1276 1807 1364 1833 docet.
1392 1815 1452 1832 uer-

169 1851 215 1869 sus
233 1842 317 1869 Ennii
337 1843 392 1869 ‘est
409 1843 487 1869 locus
505 1843 672 1877 Hesperiam
691 1851 775 1876 quam
795 1843 928 1870 mortales
948 1842 1146 1877 perhibebant’
1162 1842 1192 1868 D
1210 1843 1242 1868 in
1259 1843 1391 1875 margine.
1418 1842 1452 1874 cf.

170 1878 296 1905 Macrob.
316 1878 375 1906 Sat.
395 1878 482 1912 V1,1‚
499 1879 584 1912 11117
606 1879 642 1905 ad
656 1887 680 1904 v
697 1881 747 1904 531
769 1878 858 1905 Ubere
878 1879 990 1913 glebae]
1010 1878 1078 1904 uber
1096 1878 1208 1912 proprie
1228 1878 1270 1903 est
1287 1876 1452 1903 fecunditas.

169 1913 218 1948 Pu
233 1917 248 1941 9
263 1914 381 1941 troianis
395 1914 439 1948 011
455 1917 486 1940 11
507 1914 634 1940 laudauit
650 1913 674 1940 Ο
684 1914 694 1947 11
710 1917 741 1940 13
757 1914 794 1940 acl
807 1922 830 1940 v.
847 1917 898 1940 532
919 1913 1035 1940 Oenotri
1055 1913 1165 1940 coluere
1173 1912 1251 1954 uiri]
1272 1913 1351 1939 deest
1369 1921 1454 1946 quam

168 1950 254 1983 (qua)
292 1949 427 1976 Oenotria
455 1950 549 1976 autem
573 1949 649 1976 dicta
672 1951 716 1976 est
738 1949 784 1975 uel
809 1958 826 1976 a
849 1949 915 1976 uino
941 1949 1048 1983 optimo
1073 1949 1147 1982 quod
1170 1948 1199 1975 in
1223 1948 1306 1975 Italia
1330 1947 1454 1974 nascitur

169 1987 187 2018 †
202 1993 256 2018 que
279 1984 329 2012 alii
352 1986 461 2019 partem
488 1985 569 2012 italie
594 1985 751 2011 oenotriam
774 1986 891 2011 tradunt
915 1986 944 2011 et
967 1958 1090 2011 arcadia.q
1108 1983 1265 2018 profectum
1289 1984 1318 2010 in
1342 1983 1453 2010 Italiam

168 2020 277 2047 uenisse
301 2022 330 2047 et
353 2029 415 2048 eam
439 2021 491 2048 eibi
519 2020 714 2055 cognominem
739 2020 925 2062 (cognomine)
949 2020 1056 2047 fecisse.
1095 2019 1227 2054 Minores]
1253 2020 1373 2046 maiores
1394 2040 1399 2045 .
1421 2041 1426 2046 .
1447 2040 1452 2045 .

168 2055 299 2090 plurales.
311 2056 339 2082 P
350 2057 360 2090 11
375 2059 408 2082 14
427 2056 506 2091 111110]
523 2066 603 2083 omov
617 2056 831 2090 superscriptum
845 2057 876 2082 in
886 2056 936 2089 ΒΙ
927 2056 936 2090 11
951 2064 986 2090 op
988 2055 1058 2082 timo
1075 2055 1105 2081 id
1120 2056 1162 2082 est
1177 2057 1244 2090 οἴνῳ
1259 2055 1288 2081 D
1301 2056 1311 2088 11
1327 2058 1358 2081 15
1374 2054 1452 2089 quia]

168 2099 251 2125 quem
273 2093 337 2126 (que
358 2092 396 2126 P)
416 2093 485 2119 coni.
510 2092 546 2119 F.
566 2092 729 2123 Schoellius,
753 2092 801 2125 qui
825 2092 933 2125 partem
958 2091 1057 2117 Italiae
1078 2082 1239 2118 Oenotriam
1261 2091 1365 2117 secludi
1388 2091 1454 2122 v,alt

168 2129 308 2161 tamquam
336 2128 373 2154 ad
395 2127 507 2154 Italiam
531 2128 673 2161 adscripta
699 2128 815 2160 fortasse
845 2127 972 2161 quamvis
1000 2127 1049 2153 alii
1079 2128 1188 2161 partem
1216 2127 1326 2153 tantum
1355 2126 1454 2152 Italiae

171 2162 334 2190 Oenotriam
353 2163 475 2190 tradunt.
509 2163 558 2190 alii
577 2163 675 2189 dicunt
693 2163 846 2189 Oenotrum
866 2171 899 2189 ex
917 2162 1046 2189 Arcadia.
1080 2163 1114 2195 cf.
1134 2162 1218 2190 Dion.
1238 2162 1305 2189 Hal.
1325 2162 1453 2195 antiquit.

170 2197 248 2224 Rom.
264 2199 276 2225 1
292 2201 324 2224 11
335 2207 393 2233 sqq.
422 2199 472 2226 alii
490 2198 556 2226 Itali
569 2198 686 2226 fratrem
702 2198 853 2225 Oenotrum
867 2198 983 2225 tradunt
997 2206 1031 2224 ex
1044 2198 1165 2224 Arcadia.
1178 2198 1207 2224 in
1221 2198 1333 2224 Italiam
1347 2198 1428 2231 vulyo
1447 2197 1455 2231 ’,1

170 2235 204 2259 20
223 2234 260 2260 ad
278 2242 303 2261 v.
318 2237 369 2261 533
390 2234 513 2269 Italiam]
533 2234 620 2261 Italus
640 2242 688 2260 rex
704 2233 816 2260 Siciliae
837 2255 842 2260 .
858 2255 864 2260 .
881 2255 886 2260 .
907 2242 924 2260 a.
939 2233 1040 2261 Sicano
1055 2234 1120 2260 Itali
1139 2233 1233 2260 fratre.
1251 2233 1279 2258 P
1290 2234 1300 2267 11
1315 2236 1354 2259 21-
1367 2241 1384 2258 a
1403 2240 1453 2258 om.

171 2268 276 2295 LHM
296 2270 306 2303 11
328 2273 362 2296 22
384 2278 442 2297 non
460 2278 547 2304 usque
567 2292 595 2297 ..
638 2270 702 2296 Itali
724 2269 811 2296 fratre
837 2269 904 2296 120.-
926 2269 980 2296 hoc
1004 2270 1047 2296 est
1069 2277 1157 2303 usque
1180 2269 1217 2295 ad
1241 2277 1274 2295 ea
1298 2269 1360 2295 loca
1383 2276 1454 2301 quae

170 2305 320 2331 tenuerunt
339 2304 433 2332 Sicani
451 2305 481 2332 id
500 2306 543 2332 est
561 2291 642 2332 siculi
661 2314 678 2332 a
697 2305 790 2332 sicano
810 2304 874 2331 itali
892 2305 987 2332 fratre.
1010 2313 1075 2331 nam
1094 2313 1144 2331 nos
1163 2312 1251 2345 usque
1271 2304 1307 2330 ad
1327 2303 1454 2334 siciliam·

172 2347 224 2366 nec
242 2340 338 2401 enlim'
335 2341 395 2367 fieri
413 2342 525 2376 poterat
542 2341 568 2367 L
574 2341 648 2367 HM
668 2342 678 2375 11
701 2344 735 2367 24
754 2341 843 2367 bobus
861 2349 894 2367 ece
912 2341 1002 2367 bubus
1023 2340 1046 2366 C
1067 2342 1076 2374 11
1100 2343 1133 2366 25
1154 2337 1277 2373 ἰταλοὺς]
1303 2339 1387 2365 italos
1407 2338 1430 2365 0
1446 2339 1455 2372 11

173 2378 206 2401 26
225 2383 271 2402 mo
284 2376 358 2402 ussio
378 2376 402 2403 C'

1191 2420 1242 2446 11*

1468 452 1482 475 5

1469 719 1502 742 10

1472 987 1503 1010 15

1471 1254 1505 1277 20

1471 1521 1504 1544 25
