1722 2670
476 133 589 161 COMM.
610 133 648 161 IN
667 134 774 162 VERG.
794 135 878 163 AEN.
898 136 945 162 111.
965 139 1114 164 360—369.
1370 138 1436 170 407

155 217 280 258 tenent,
315 218 347 248 et
363 241 366 244 .
374 217 543 258 praepetes
571 217 742 248 vocantur:
776 218 833 248 aut
861 216 1028 260 inferiora,
1061 220 1093 250 et
1121 219 1271 251 dicuntur
1299 219 1438 262 inferae3

154 271 325 311 praepetes
350 271 458 302 autem
483 269 563 311 ideo,
588 269 662 311 quia
686 280 798 301 omnes
823 281 898 301 aves
921 271 1031 311 priora
1054 274 1168 313 petunt
1191 273 1347 305 volantes.

244 323 318 355 362.
356 332 447 355 FARE
471 330 542 354 ΑΘΕ
566 322 729 355 hortantis
754 324 804 354 est
819 322 923 365 ‘age'‚
946 323 980 355 id
1004 327 1053 357 est
1078 325 1129 357 dic
1153 326 1310 358 celeriter.
1334 329 1367 358 et
1386 329 1436 359 est

117 404 119 407 .
156 377 233 408 ordo
258 376 472 418 ‘Troiugena,
496 376 565 408 fare
586 387 655 418 age,
679 387 760 418 quae
779 377 884 418 prima
903 377 1047 418 pericula
1067 379 1145 420 vito,
1165 379 1280 421 quidve
1300 391 1435 422 sequens

155 432 266 463 tantos
289 430 412 472 possim
437 441 589 471 superare
613 429 767 462 labores'.
802 432 909 462 cetera
931 442 989 473 per
1012 432 1222 473 parenthesin
1246 433 1332 465 dieta
1352 436 1435 466 sunt.
1456 440 1471 463 5

221 492 366 522 NAMQVE
396 492 519 530 ommia
548 491 685 515 cvRsvm
712 483 889 525 hypallage
918 486 981 516 est:
1014 496 1090 517 nam
1119 497 1185 517 non
1214 497 1343 518 omnem
1368 498 1436 519 eur-

156 548 228 569 sum
264 547 420 579 prospera
458 536 540 568 dixit
577 537 711 578 religio,
749 537 804 568 sed
838 538 944 569 omnis
978 538 1092 581 religio
1126 539 1208 571 dixit
1245 551 1436 582 prosperum

153 601 291 623 cursum.

242 643 316 676 363.
354 651 483 676 CVNGTI
511 652 586 675 DIVI
616 644 690 685 quia
720 645 873 687 quiequid
903 645 1028 677 audivit
1057 657 1076 677 a
1099 645 1235 678 diversis
1260 647 1301 678 ad
1325 647 1436 679 Iovem

152 697 302 739 recurrit,
334 699 372 729 ut
395 697 534 729 diximus
559 708 659 738 supra
682 697 790 739 (251)
818 709 912 740 quae
941 699 1095 731 Phoebo
1122 702 1233 741 pater
1262 701 1433 742 omnipo·
1456 707 1489 730 10

152 752 253 791 tens,
276 751 371 783 mihi
394 750 573 782 Phoebus
598 750 741 792 Apollo
765 751 973 793 praedixit.
1071 761 1208 783 NVMINE
1232 755 1341 784 autem
1365 765 1435 785 ora-

154 803 226 836 culo
251 804 423 846 significat.

242 857 317 890 364.
354 866 527 891 REPOSTAS
561 856 671 896 πάθος
703 869 762 899 pro
793 858 996 900 ‘repositas'‚
1030 858 1062 890 id
1094 861 1143 890 est
1174 859 1270 902 longe
1301 860 1435 902 positas,

153 913 295 943 remotas.

242 963 316 996 365.
353 972 478 996 NOVVM
503 974 668 1007 magnum,
691 976 780 996 more
806 976 872 997 suo.
1457 973 1489 996 15

241 1017 315 1050 366.
352 1025 550 1049 PRODIGIVM
588 1026 695 1050 CANIT
734 1018 934 1060 prodigium,
970 1021 1160 1060 portentum
1193 1022 1221 1051 οὐ
1252 1021 1435 1052 monstrum

151 1071 279 1103 modico
307 1071 371 1103 fine
401 1071 640 1112 discernuntur,
670 1072 725 1103 sed
749 1072 880 1104 confuse
904 1084 963 1114 pro
989 1084 1023 1104 se
1046 1073 1237 1114 plerumque
1261 1075 1434 1114 ponuntur.

158 1125 258 1157 Varro
280 1134 355 1156 sane
377 1124 451 1156 haec
473 1125 519 1156 ita
546 1125 670 1166 definit:
707 1128 902 1164 ostentum,
930 1127 1025 1166 quod
1051 1126 1201 1166 aliquid
1226 1126 1435 1159 hominibus

151 1178 329 1216 ostendit;
360 1180 588 1218 portentum,
620 1179 716 1219 quod
742 1179 892 1219 aliquid
916 1179 1086 1218 futurum
1104 1180 1315 1220 portendit‚·
1348 1190 1434 1221 pro-

151 1232 305 1273 diyium,
337 1232 433 1272 quod
456 1242 574 1272 porro
606 1232 763 1272 diriyin
801 1233 1038 1271 miraculum,
1071 1233 1167 1272 quod
1197 1233 1331 1264 mirum
1364 1236 1433 1272 θεὴ·
1454 1240 1488 1263 20

151 1287 369 1323 monstrum,
393 1286 488 1325 quod
510 1287 638 1316 monet.
715 1294 860 1317 TRISTES
884 1294 962 1317 IRAS
987 1285 1120 1316 deorum
1145 1285 1277 1327 scilicet,
1300 1289 1434 1328 propter

151 1338 288 1370 iniurias
314 1349 398 1370 suas.
736 1371 737 1374 ,

242 1392 316 1423 367.
354 1399 611 1430 OBSCENAMQVE
636 1400 758 1423 FAMEM
783 1394 840 1423 aut
859 1403 939 1433 quae
958 1392 1107 1424 homines
1123 1392 1222 1424 etiam
1238 1392 1277 1424 ad
1293 1393 1433 1433 obscena

152 1445 324 1486 conpellit,
352 1446 388 1476 ut
411 1444 480 1485 <VI
504 1445 589 1486 276>
614 1445 835 1476 malesuada
858 1445 1006 1477 Fames:
1041 1447 1097 1477 aut
1121 1448 1220 1488 certe,
1256 1458 1352 1488 quam
1378 1447 1433 1478 ob·

152 1509 249 1530 scena
273 1498 341 1530 avis
365 1498 579 1539 praedixerat.
710 1507 803 1537 QVAE
827 1507 934 1530 PRIMA
958 1507 1128 1531 PERICVLA
1153 1500 1261 1532 vrro‘?
1299 1509 1432 1538 vavn
1453 1507 1486 1531 25

152 1560 307 1590 SEQVENS
331 1560 469 1583 TANTos
493 1560 616 1584 Possm
641 1560 820 1584 SVPERARE
844 1561 1000 1584 LABORES
1024 1553 1087 1584 duo
1106 1553 1202 1594 petit:
1227 1554 1431 1596 quemadmo-

152 1605 227 1637 dum
253 1607 309 1637 aut
332 1605 484 1646 perieulis
508 1607 627 1646 eareat,
651 1607 707 1637 aut
730 1606 846 1647 quibus
871 1606 1015 1637 consiliis
1038 1617 1099 1648 par
1123 1618 1191 1639 esse
1214 1610 1243 1639 et
1266 1607 1431 1639 laboribus

151 1658 264 1701 possit.
309 1661 338 1690 et
361 1661 457 1690 totum
479 1659 534 1690 hoc
551 1669 609 1699 per
631 1659 900 1700 interroyationem
924 1659 1081 1700 leyendum
1103 1662 1154 1692 est.
1290 1659 1375 1702 (ρνιο
1383 1660 1431 1703 γε)

151 1725 282 1748 εερνΕΝε
312 1712 388 1752 quid
410 1712 578 1744 observans.

239 1765 314 1797 368.
352 1774 490 1798 TANTOS
516 1768 654 1807 quantos
678 1766 818 1807 harpyia
841 1766 1054 1807 praedixerat.
1451 1774 1485 1797 30

241 1819 315 1850 369.
353 1828 400 1850 DE
425 1828 521 1851 MORE
548 1820 671 1851 scilieet
695 1819 942 1851 sacrificantum.

223 1937 238 1960 2
258 1934 404 1968 praepetes
428 1934 523 1960 autem
546 1933 610 1960 ideo
631 1955 635 1960 .
657 1955 662 1961 .
684 1956 689 1961 .
710 1934 848 1969 volantes]
869 1942 954 1961 exser.
974 1934 1039 1960 Isid.
1060 1943 1098 1961 or.
1119 1934 1170 1961 XII
1191 1938 1214 1968 7,
1235 1938 1267 1961 77
1287 1936 1296 1969 ΙΙ
1316 1938 1348 1961 16
1368 1943 1430 1969 pro-

153 1969 260 2004 digium
281 1991 286 1996 .
308 1990 313 1995 .
335 1990 340 1995 .
361 1969 435 2003 quod
454 1969 563 2004 monet]
583 1969 617 1996 of.
638 1969 701 1996 Isid.
722 1969 779 1996 diff.
799 1970 873 1996 verb.
894 1972 945 1996 459

225 2079 241 2102 2
260 2075 399 2111 volantes]
425 2076 469 2102 vel
490 2084 506 2102 a
525 2084 626 2110 graeco
645 2075 764 2110 πέτομαι
784 2076 812 2102 id
833 2077 876 2103 est
894 2077 957 2103 volo
976 2078 1039 2104 add.
1059 2077 1089 2103 D
1102 2078 1111 2111 u
1126 2080 1141 2104 7
1161 2077 1266 2111 relegio
1288 2077 1363 2111 L119
1383 2086 1430 2104 au-

153 2112 235 2138 diunt
253 2112 285 2138 H
300 2112 310 2145 ss
329 2115 361 2138 11
382 2112 493 2138 oraculo
513 2111 543 2138 F
548 2112 585 2137 M
588 2121 615 2138 e
634 2111 740 2138 oraculi
760 2111 783 2138 G
799 2112 942 2139 oraculum
962 2112 1060 2138 LHE
1077 2113 1086 2147 ΙΙ
1106 2116 1137 2140 13
1157 2122 1286 2139 aurosus
1306 2112 1429 2147 penitus.

153 2147 248 2182 passio
267 2155 317 2181 per
336 2156 487 2182 syncopam
507 2147 535 2173 id
556 2149 599 2174 est
617 2145 712 2177 πάθος
730 2156 780 2181 pro
799 2148 905 2182 positas
924 2148 952 2174 id
973 2150 1014 2175 est
1034 2148 1116 2183 longe
1135 2148 1243 2182 positas
1262 2149 1291 2174 D
1305 2150 1314 2182 ΙΙ
1328 2149 1430 2182 phatos

151 2183 182 2209 1
186 2182 250 2209 LH
274 2183 376 2217 pathos
397 2183 419 2209 C
426 2183 462 2209 M
466 2184 476 2209 l
502 2183 625 2217 phathos
644 2183 675 2208 E
691 2184 701 2217 ss
725 2186 758 2209 14
777 2184 898 2210 remotas
917 2184 979 2210 hab.
1000 2183 1024 2210 C‘
1039 2185 1049 2217 ΙΙ
1068 2187 1101 2210 16
1121 2185 1157 2210 ad
1175 2183 1334 2218 prodigium
1353 2192 1428 2224 supr.

151 2226 218 2245 vers.
242 2218 354 2252 proprie
377 2218 483 2245 dictum
508 2219 537 2244 in
561 2219 614 2245 hoc
639 2219 701 2245 loco
721 2219 881 2253 prodigium
909 2219 938 2246 id
957 2221 999 2246 est
1023 2219 1183 2254 pessimum
1221 2219 1329 2246 dictum
1349 2220 1429 2252 quasi

151 2262 235 2288 porro
255 2253 425 2294 abigendum
447 2254 472 2280 T
482 2255 491 2288 ΙΙ
507 2257 538 2280 17
558 2254 722 2288 plerumque
741 2263 790 2280 om.
811 2255 841 2280 F
852 2255 862 2289 ΙΙ
878 2258 909 2281 18
929 2256 1069 2282 ostentum
1091 2277 1096 2282 .
1116 2276 1121 2282 .
1144 2276 1149 2281 .
1169 2256 1265 2281 monet
1283 2255 1342 2281 hab.
1363 2254 1428 2280 Am-

152 2290 221 2316 bros.
236 2290 246 2322 ss
264 2292 297 2315 22
317 2289 448 2316 iniuriam
468 2298 546 2316 suam
567 2290 620 2316 Me
635 2290 644 2323 ΙΙ
662 2293 696 2316 25
715 2298 781 2316 aues
800 2290 879 2324 ΓΟΙΙ
897 2293 930 2317 27
951 2292 979 2317 et
996 2293 1021 2318 et
1040 2291 1069 2317 et
1087 2291 1178 2317 totum
1199 2312 1204 2317 .
1227 2311 1232 2316 .
1279 2290 1429 2332 legendmn

153 2325 197 2351 est
215 2325 275 2351 hab
298 2325 321 2351 0
336 2326 346 2359 ΙΙ
364 2328 398 2351 29
418 2325 484 2359 quid
509 2325 659 2352 observans
677 2326 774 2352 omisso
793 2335 909 2356 snevans
924 2329 987 2360 post
1006 2336 1122 2353 annonas
1141 2326 1280 2353 collocavit
1299 2326 1428 2352 Daniel

152 2364 184 2387 31
206 2360 314 2387 scilicet
331 2369 381 2387 om.
401 2360 431 2387 F
442 2361 451 2395 ΙΙ
465 2361 676 2388 sacrificandum
695 2361 725 2387 E
743 2362 822 2395 (corr.
842 2363 864 2395 e)
