1630 2684
494 118 609 146 COMM.
628 119 668 146 m
686 118 794 146 VERG.
815 119 897 147 AEN.
918 120 950 147 II.
971 123 1085 148 27-37.
1363 121 1425 153 221

147 200 228 234 ‘sive
251 200 347 242 dolo’,
377 200 454 242 quia
481 200 601 232 iustam
628 211 759 232 causam
782 201 976 242 proditionis
1001 202 1120 234 habere
1145 202 1324 235 videbatur.
1371 203 1428 234 alii

146 254 260 286 volunt
283 253 382 286 ‘dolo'
403 253 516 285 scilicet
538 253 742 292 Graecorum,
766 264 830 295 quo
855 265 966 286 omnes
991 255 1117 297 decepti
1141 258 1225 288 sunt.

236 307 287 340 33.
323 320 398 340 Auos
417 319 522 339 Locum
539 307 621 339 velut
647 309 792 340 tutamen.
838 310 866 339 et
892 318 955 339 non
983 309 1139 340 incassum
1167 310 1249 341 arcis
1275 310 1429 341 Troianae

141 371 240 402 prope
261 360 367 392 multis
385 360 458 392 locis
476 361 587 392 mentio
609 361 654 401 fit.
691 361 726 392 in
743 361 801 392 hac
819 362 901 392 enim
919 371 989 393 arce
1007 361 1184 394 huiusmodi
1201 373 1312 394 saxum
1333 364 1429 403 fuisse

145 415 270 455 dieitur,
292 414 374 454 quod
394 413 433 445 ab
455 413 519 445 alio
542 413 708 445 contritum
729 415 913 455 sanquinem
936 415 1086 446 emitteret.
1123 425 1255 455 namque
1276 416 1428 447 Helenam

145 468 189 500 ad
212 467 384 499 incitandos
411 467 447 498 in
477 476 508 499 se
536 469 688 499 amatores
717 477 805 508 saepe
834 478 872 500 ex
900 467 955 500 hoc
981 478 1057 500 saxo
1088 468 1230 508 lapillum
1258 469 1305 500 uti
1332 469 1429 508 fuisse

145 521 276 554 solitam.

233 574 285 606 34.
318 583 371 606 SIC
387 583 477 605 FATA
493 583 680 606 FEREBANT
700 576 736 606 ut
755 575 854 606 etiam
869 574 954 606 cives
974 576 1086 606 eontra
1104 575 1247 616 patriam
1264 575 1429 607 sentirent.

233 627 284 659 35.
317 636 361 658 AT
386 636 491 660 OAPYS
521 627 669 669 quidam:
698 630 885 669 non'pater
910 627 1081 659 Anchisae.
1129 630 1161 659 et
1189 629 1270 660 bene
1297 639 1356 660 nec
1386 639 1429 669 se,

143 691 201 713 nee
224 682 350 722 patrem
374 680 448 712 huic
469 680 602 712 consilio
622 680 701 712 dicit
719 681 922 719 interfuisse,
946 692 1003 722 per
1023 681 1108 722 quod
1128 681 1279 713 interitus
1303 681 1428 723 patriae

143 734 344 766 imminebat.
386 730 580 775 quamquam
605 734 732 766 Aeneas
756 734 849 776 quasi
874 735 1075 766 obtrectator
1096 733 1220 766 Priami
1242 746 1308 766 non
1332 734 1427 775 adsit,

143 789 181 819 ut
194 787 357 819 Homerus
378 787 470 828 dicit,
494 787 653 819 Anchises
678 798 754 820 vero
778 790 911 829 propter
931 788 1136 828 caecitatem,
1159 790 1196 820 ut
1215 788 1309 819 docet
1324 787 1426 819 Theo-

144 841 254 873 critus.
295 841 355 873 alii
377 840 458 872 hunc
481 840 589 881 Capyn
612 842 746 882 adfinem
765 842 888 873 Aeneae
911 843 1051 880 tradunt,
1075 844 1103 873 et
1125 842 1191 873 ideo
1215 842 1243 872 ei
1265 841 1304 872 ab
1323 841 1428 873 Aenea

143 895 216 926 dari
238 895 312 926 recti
334 895 458 926 consilii
475 895 698 935 principatum.
740 895 789 926 hic
812 898 855 926 est
876 895 930 935 qui
953 894 1094 935 Capuam
1117 894 1260 926 condidit.
1301 895 1354 926 sed
1375 894 1428 925 hoc

137 950 210 988 post
231 948 330 979 multa
353 948 476 979 saecula
499 948 620 979 claruit.
666 958 742 980 nam
764 948 813 980 his
838 948 1034 989 temporibus,
1064 948 1173 988 quibus
1197 946 1312 979 Caesar
1334 947 1428 979 occidi

142 1001 263 1043 habuit,
287 1001 412 1042 Capuae
434 1002 577 1033 iuvencae
599 1012 709 1033 aeneae
732 1002 845 1033 dicitur
867 1002 1051 1042 inscriptum
1072 1001 1182 1041 fuisse,
1206 1001 1300 1032 isdem
1320 1003 1428 1041 tennio—

142 1054 229 1087 ribus
250 1065 349 1086 unum
372 1055 408 1086 de
427 1065 534 1095 yenere
557 1055 723 1086 conditoris
742 1055 927 1095 periturum.

171 1133 179 1141 .
233 1108 285 1140 36.
323 1121 434 1141 Peneo
455 1118 515 1148 pro
547 1109 582 1140 in
608 1108 747 1149 pelaqus.
838 1121 916 1140 DANA
924 1121 966 1140 VM
983 1120 1113 1140 msmms
1141 1108 1211 1139 bene
1240 1108 1294 1148 qui
1322 1108 1429 1139 suadet

143 1163 179 1192 ut
193 1161 428 1202 praecipitetur,
451 1171 514 1192 non
537 1162 612 1193 dicit
635 1160 761 1192 ‘donum
775 1160 957 1199 Minervae’,
980 1161 1033 1192 sed
1051 1160 1214 1192 ‘Danaum
1232 1160 1377 1192 insidias'
1401 1163 1429 1192 et

146 1213 297 1254 ‘suspecta
318 1213 422 1246 dona'.

234 1267 286 1299 37.
325 1275 573 1306 SVBIECTISQVE
597 1277 714 1300 VRERE
738 1276 891 1300 FLAMMIS
917 1267 1010 1309 ‘que'
1035 1267 1219 1309 copulativa
1243 1267 1427 1299 coniunctio

144 1322 208 1363 est,
232 1319 310 1352 ‘aut'
335 1320 539 1353 disiunctiva.
577 1321 738 1363 quomodo
758 1331 836 1362 ergo
855 1321 915 1352 has
939 1321 1057 1362 iunxit,
1080 1331 1149 1352 eum
1172 1331 1235 1352 non
1257 1323 1427 1361 utrumque,

142 1375 196 1406 sed
223 1374 407 1406 alterutrum
435 1375 506 1433 fieri
529 1378 654 1416 poterat
680 1376 762 1415 quod
786 1374 994 1407 suadebatur?
1024 1376 1194 1415 poetarum
1223 1376 1272 1405 est
1300 1376 1427 1415 partem

143 1439 203 1470 pro
226 1430 319 1470 parte
342 1439 475 1469 ponere,
505 1431 541 1460 ut
564 1431 694 1461 torvum
722 1440 781 1470 pro
805 1431 912 1469 torve,
940 1430 969 1459 et
990 1427 1197 1459 volventibus
1221 1438 1280 1468 pro
1303 1427 1426 1458 volubi-

143 1481 244 1513 libus:
277 1482 536 1514 coniunotionem
569 1492 646 1523 ergo
680 1493 738 1523 pro
772 1482 999 1513 coniunctione
1031 1481 1153 1522 posuit,
1185 1483 1222 1512 ut
1250 1480 1318 1521 <VI
1342 1481 1427 1522 616>

145 1545 277 1567 saxum
300 1535 436 1577 ingens
464 1536 626 1568 volvunt
656 1536 727 1567 alii
754 1535 952 1576 radiisque
976 1536 1148 1566 rotarum
1172 1533 1257 1575 ‘que'
1281 1545 1340 1575 pro
1365 1533 1426 1565 ‘ve’

144 1588 266 1630 posuit3
299 1599 375 1620 nam
408 1589 576 1621 sonantius
609 1589 715 1620 visum
748 1591 806 1621 est.
856 1589 986 1628 antiqua
1019 1590 1120 1619 tamen
1149 1587 1338 1627 exemplaria
1372 1586 1426 1618 ‘ve’

143 1642 251 1681 habere
267 1642 485 1680 inveniuntur;
510 1641 565 1674 ‘ve'
584 1642 665 1674 enim
683 1642 849 1682 proprium
867 1642 1074 1682 siqnificatum
1093 1640 1194 1682 habet,
1216 1643 1252 1672 ut
1273 1641 1427 1672 interdum

140 1706 200 1736 pro
222 1696 268 1728 vel
291 1696 471 1736 accipiatur.

216 1813 233 1836 4
251 1810 280 1836 in
299 1810 352 1836 hac
373 1809 446 1836 enim
466 1818 529 1836 arce
550 1831 555 1836 .
577 1830 582 1836 .
605 1830 610 1836 .
631 1809 785 1844 emitteret]
807 1809 840 1836 cf.
861 1809 983 1843 Ampelii
1001 1809 1049 1836 lib.
1069 1817 1151 1835 mem.
1171 1808 1235 1835 Vlll
1257 1812 1286 1835 11

218 1920 230 1943 1
252 1917 318 1951 quia
338 1938 344 1944 .
365 1938 371 1944 .
393 1938 397 1942 .
417 1916 577 1951 videbatur]
602 1915 668 1949 quia
692 1915 792 1942 habuit
809 1916 910 1942 iustam
930 1924 1043 1942 eausam
1062 1915 1227 1949 proditionis
1248 1915 1271 1941 C'
1291 1916 1300 1949 ss
1323 1915 1426 1948 aliique

147 1952 220 1986 01Ιὸ
239 1953 372 1987 namque]
394 1954 478 1985 atque
497 1952 616 1978 enotavit
635 1952 782 1985 Scioppius
796 1952 805 1984 ΙΙ
824 1955 838 1977 ὓ
858 1951 1015 1978 incitandos
1036 1951 1082 1977 0²:
1101 1951 1243 1977 incitando
1263 1951 1307 1985 011
1320 1950 1426 1985 lapillis

145 1989 265 2015 enotavit
279 1988 426 2022 Scioppius
440 1988 449 2021 ΙΙ
464 1990 479 2013 9
500 1987 613 2021 quidam
630 1987 704 2013 alius
720 1986 742 2012 G
754 1988 763 2020 ΙΙ
779 1990 811 2012 10
830 1987 963 2013 interesse
981 1987 1017 2012 M
1035 1986 1201 2020 (interfuisse
1216 1987 1252 2018 m)
1266 1987 1276 2020 ΙΙ
1289 1994 1339 2020 per
1358 1994 1426 2020 quos

147 2025 169 2049 C
181 2025 191 2058 11
206 2027 236 2050 11
257 2024 386 2050 imminet
404 2023 513 2057 patriae
529 2023 552 2049 G
563 2024 573 2056 ΙΙ
589 2026 620 2049 15
640 2022 729 2049 occidi
744 2022 859 2056 habuit]
880 2022 987 2048 occisus
1006 2023 1049 2048 est
1067 2022 1202 2056 Bequius
1216 2023 1225 2055 ΙΙ
1240 2025 1272 2048 16
1292 2022 1426 2048 iuuencae

147 2060 195 2085 02:
213 2059 345 2085 iuuentae
366 2059 389 2085 O
405 2061 413 2092 u
432 2058 516 2084 fuisse
536 2058 625 2085 isdem
645 2058 692 2084 (12.-
712 2058 804 2084 suerat
823 2058 845 2083 C
862 2058 871 2091 ΙΙ
895 2061 926 2084 18
945 2058 982 2084 ad
1000 2066 1023 2084 v.
1045 2061 1078 2084 36
1098 2058 1213 2092 Pelago]
1233 2066 1283 2091 pro
1302 2057 1331 2083 in
1350 2058 1425 2091 pela-

146 2103 206 2128 gus.
223 2095 250 2121 P
262 2096 271 2129 ΙΙ
287 2098 319 2121 19
338 2104 394 2121 non
413 2094 484 2120 dicit
503 2094 538 2120 02
556 2095 587 2120 in
601 2102 701 2127 marg..-
720 2101 769 2119 om.
787 2093 810 2119 0
821 2094 829 2126 ΙΙ
844 2096 876 2119 21
893 2094 930 2119 ad
945 2102 968 2119 v.
984 2096 1017 2119 37
1039 2093 1231 2126 Subieetisque
1250 2101 1330 2120 urere
1349 2093 1425 2119 flam-

146 2130 211 2165 mis]
237 2130 314 2164 ‘que'
336 2129 499 2164 copulatiua
523 2129 681 2156 coniunctio
706 2130 760 2162 est,
786 2137 841 2155 non
864 2128 1046 2162 disiunctiua,
1072 2137 1143 2161 quae
1168 2128 1214 2155 hic
1238 2137 1297 2155 esse
1321 2128 1424 2154 debuit.

146 2166 194 2192 sed
218 2167 364 2200 poetarum
389 2167 432 2192 est
452 2187 457 2192 .
478 2186 483 2191 .
505 2187 510 2192 .
530 2165 709 2193 uolubilibus.
747 2172 814 2198 ergo
838 2163 1063 2191 coniunctionem
1082 2164 1262 2198 (coniunctio)
1286 2173 1337 2198 pro
1361 2172 1424 2190 eon-

145 2200 287 2228 iunctione
306 2201 411 2235 posuit,
432 2200 460 2226 id
480 2202 524 2227 est
544 2201 620 2234 ‘que'
637 2209 687 2235 pro
706 2199 773 2230 ‘ue'.
794 2207 858 2225 nam
878 2199 1021 2226 sonantius
1037 2199 1181 2234 (sonatius)
1200 2199 1291 2226 uisum
1311 2200 1360 2226 est.
1378 2199 1405 2224 P
1417 2199 1425 2232 ξ’

147 2239 181 2262 22
200 2236 251 2263 has
269 2236 361 2263 iunxit
373 2237 437 2262 LH
442 2237 490 2268 M,
508 2237 565 2262 nisi
583 2237 655 2269 quod
673 2234 780 2261 iuncxit
798 2235 873 2261 LH:
891 2243 943 2269 per
961 2235 1010 2269 adt
1029 2235 1118 2261 iunxit
1133 2235 1156 2261 0
1182 2236 1242 2268 (per
1261 2236 1309 2261 aut
1328 2234 1424 2260 adiun—

147 2271 188 2297 xit
206 2271 353 2305 Scioppius
371 2273 490 2298 enotavit
519 2271 590 2298 ‘aut’
611 2271 739 2298 adiunxit
756 2271 825 2296 coni.
845 2271 982 2304 Berykius
1015 2279 1067 2304 que
1087 2271 1214 2297 adiunxit
1231 2271 1262 2296 in
1281 2271 1425 2304 archetypo

150 2306 300 2334 Camellani
317 2308 403 2340 fuisse
421 2308 539 2340 videtur)
553 2308 563 2341 11
577 2310 610 2333 23
630 2307 684 2340 est]
705 2309 783 2339 mo{s
803 2306 846 2332 est
858 2306 884 2332 L
903 2307 926 2340 (r
944 2307 986 2333 vel
1003 2315 1022 2332 n
1041 2308 1130 2340 erasa)
1144 2307 1153 2339 ΙΙ
1168 2309 1202 2332 24
1221 2305 1384 2332 ludibilibus
1404 2305 1427 2331 G

148 2341 329 2376 (uolubilibus
349 2343 393 2376 0²)
412 2344 422 2377 ΙΙ
441 2346 473 2369 25
494 2351 560 2377 ergo
579 2351 628 2369 om.
651 2342 673 2368 O
689 2343 698 2376 ΙΙ
717 2345 749 2368 27
770 2341 915 2375 antiquata
933 2350 998 2368 men
1017 2341 1040 2368 C

1447 424 1462 447 0⁹!

1449 689 1482 713 10

1450 956 1480 979 15

1446 1223 1480 1245 20

1447 1488 1480 1511 25
