1630 2684
418 155 532 183 coum.
551 156 592 182 m
610 154 718 183 VERG.
738 155 821 184 AEN.
842 157 861 183 1.
882 160 1031 185 393—396.
1304 152 1383 190 133'

83 238 147 270 ales
169 238 291 278 aquila,
314 237 399 269 Iovis
416 247 560 268 coronam
579 237 720 269 lauream
738 238 922 278 accepimus,
945 241 974 270 et
995 240 1049 279 qui
1068 240 1260 280 triumphant
1279 240 1366 272 lauro
1386 230 1389 233 ’

83 293 278 324 eoronantwr.
322 301 397 323 sane
425 290 514 322 alites
538 290 666 331 proprie
695 291 843 322 dicuntur
874 302 956 330 aves,
987 303 1064 332 quac
1092 294 1195 325 volatu
1225 295 1366 335 auspicia

26 361 37 370 ι
82 345 220 387 faciunt,
238 345 328 384 ,buteo
350 343 513 384 sanqualis
539 343 732 376 inmussulus
759 345 867 385 aquila
896 345 1059 377 vulturius.
1104 357 1178 378 sane
1201 348 1236 379 de
1258 348 1366 388 aquila

0 1326 11 1573 ‚=mwwr-.›wv-·12m
0 1257 12 1294 2„-
1 1222 4 1226 «
0 1195 8 1204 ,1
0 1163 5 1169 -.
0 1140 2 1142 v

85 401 129 431 est
150 401 179 431 et
199 398 266 430 alia
283 397 400 438 fabula.
434 398 519 438 apud
533 397 666 429 Graecos
690 398 812 439 leyitur,
830 409 964 439 puerum
982 400 1134 439 quendam
1154 402 1235 431 terra
1253 401 1367 432 editum

82 452 248 498 admodum
274 450 440 492 pulchrum
469 451 612 483 membris
640 451 780 483 omnibus
806 452 915 493 fuisse,
949 453 1004 492 qui
1028 448 1136 490 Ἀετὸς
1168 453 1210 485 sit
1235 456 1366 485 vocatus.

81 505 132 538 hie
152 515 221 537 cum
243 503 386 545 Iuppiter
402 506 530 545 propter
552 506 674 546 patrem
699 504 887 546 Saturnum,
916 506 970 545 qui
997 516 1068 538 suos
1090 506 1172 547 filios
1195 507 1365 548 devorabat,

81 558 116 599 in
139 557 230 591 Creta
252 558 358 590 insula
380 558 415 589 in
439 557 534 589 Idaeo
557 560 648 589 antro
671 559 857 600 nutriretur,
875 559 1001 599 primus
1025 559 1059 590 in
1083 559 1257 599 obsequium
1280 559 1366 592 Iovis

80 621 112 643 se
133 611 230 651 dedit,
245 613 318 652 post
339 621 408 643 vero
434 621 503 642 cum
525 611 702 643 adolevisset
725 611 866 652 Iuppiter
891 614 919 643 et
935 614 1059 652 patrem
1082 622 1173 653 reyno
1191 613 1365 653 pepulisset,

81 664 164 697 Iuno
179 667 323 706 permota
343 664 448 705 forma
465 664 560 705 pueri
586 664 667 696 velut
688 665 862 705 paelicatus
888 665 989 707 dolore
1011 675 1080 697 eum
1103 666 1138 697 in
1160 676 1246 698 avem
1268 667 1366 704 vertit,

81 728 159 759 quae
188 718 228 750 ab
256 719 323 759 ipso
348 715 443 756 ἀετὸς
473 718 587 750 dicitur
612 717 738 759 Graece,
770 729 791 749 a
821 719 909 751 nobis
938 720 1046 759 aquila
1070 722 1197 760 propter
1226 721 1366 760 aquilum

80 772 221 813 colorem,
243 772 297 812 qui
318 773 385 803 ater
407 774 458 803 est.
488 782 582 812 quam
605 782 722 812 semper
746 771 889 812 Iuppiter
910 772 971 803 sibi
993 772 1152 804 inhaerere
1168 774 1322 814 praecipit
1340 776 1367 805 et

78 825 218 866 fulmina
246 827 381 866 yestare:
407 835 467 866 per
498 825 578 857 hanc
609 826 703 856 etiam
728 824 921 866 Ganymedes
953 835 1023 857 cuni
1050 829 1210 858 amaretur
1241 837 1262 858 a
1294 827 1366 858 Iove

79 879 194 912 dicitur
220 881 344 920 raptus,
372 889 446 919 quos
469 878 611 919 Iuppiter
638 879 719 910 inter
746 879 848 910 sidera
876 879 1041 911 collocavit.
1086 881 1115 911 et
1141 880 1216 920 quia
1243 880 1366 920 aquilae

79 932 153 965 haec
174 934 220 965 est
240 934 372 974 natura,
394 934 430 963 ut
451 932 543 964 solem
566 935 645 966 recto
669 933 785 964 lumine
806 935 925 974 spectet,
951 933 1073 974 siqnum
1096 943 1212 973 quoque
1234 934 1365 975 aquilae,

79 986 161 1030 quod
180 986 216 1018 in
239 986 320 1018 caelo
343 988 399 1027 est,
423 986 568 1030 orientem
590 996 706 1026 semper
724 986 816 1018 solem
840 987 959 1018 videtur
982 987 1150 1018 adtendere.
1178 987 1237 1018 alii
1259 987 1366 1019 dicunt

79 1039 119 1071 ab
145 1039 203 1071 hac
229 1039 282 1071 avi
304 1039 408 1071 Iovem
438 1042 563 1080 raptum
596 1042 624 1071 et
654 1040 697 1071 ad
724 1039 855 1071 latebras
878 1039 1031 1072 Cretenses
1052 1040 1223 1082 perlatum,
1254 1051 1322 1072 cum
1345 1051 1365 1072 a

82 1092 219 1125 Satmmo
241 1093 351 1133 ubique
373 1095 576 1133 quaereretur.
626 1093 724 1133 ipsam
747 1093 840 1124 etiam
863 1093 944 1134 Iovi,
972 1104 1041 1124 cum
1064 1094 1210 1126 adversus
1234 1094 1365 1127 Titanas

79 1146 190 1179 bellum
209 1149 339 1188 yereret,
363 1146 515 1179 obvolasse
538 1147 573 1178 in
596 1147 764 1187 auyurium
792 1157 829 1178 ac
851 1147 956 1178 statim
984 1147 1143 1178 victoriam
1167 1151 1364 1191 consecutam,

79 1202 109 1232 et
130 1200 196 1232 ideo
219 1201 300 1232 inter
321 1201 425 1232 sidera
447 1200 632 1232 collocatam.

168 1253 243 1286 395.
281 1267 389 1287 omme
408 1267 502 1287 zoxoo
529 1264 591 1286 non
614 1254 704 1295 nulli·
718 1264 778 1294 pro
800 1254 877 1285 serie
900 1254 1014 1286 dictum
1041 1255 1208 1295 accipiunt,
1231 1258 1363 1291 namet

80 1307 180 1340 ‘coetu
208 1308 328 1340 cinxere
348 1307 473 1348 polum’
502 1308 620 1340 videtur
647 1308 690 1339 ad
711 1308 848 1339 ordinem
875 1308 1042 1340 rettulisse:
1070 1309 1210 1349 quamvis
1236 1310 1363 1349 quidam

78 1362 243 1403 quaerant,
266 1361 414 1401 quomodo
439 1360 586 1400 ‘ordine',
611 1371 680 1393 cum
703 1371 774 1392 mox
798 1360 913 1392 ‘coetu'
936 1361 1026 1392 dicat.

168 1414 242 1446 396.
279 1422 417 1446 CAPERE
442 1415 576 1457 eligere,
600 1416 637 1446 ut
661 1416 752 1446 ante
777 1414 901 1447 locum
930 1415 1058 1456 capies
1092 1415 1224 1447 oculis.
1316 1430 1363 1448 m:-

79 1470 225 1500 sercu'zffl
244 1467 278 1499 id
299 1470 343 1499 est
364 1468 471 1500 electas
493 1468 559 1499 iam
582 1468 730 1500 intentius
753 1468 909 1508 despicere.

153 1558 185 1582 12
204 1563 260 1589 per
272 1555 344 1582 hane
364 1556 449 1582 etiam
469 1564 492 1582 e.
507 1564 533 1589 q.
550 1556 584 1590 s.]
604 1556 639 1582 cf.
659 1555 760 1589 Hygin.
781 1556 884 1582 astron.
905 1555 929 1581 ΙΙ
951 1559 991 1582 16.
1012 1556 1098 1583 schol.
1118 1556 1155 1582 ad
1174 1556 1264 1583 Ger-‚m
1285 1557 1361 1583 Arat.

77 1594 168 1626 p.91,
190 1594 222 1617 16
241 1592 270 1617 et
290 1600 316 1625 p.
339 1594 398 1625 160,
419 1595 433 1618 7
453 1591 524 1625 Brcy
526 1600 546 1618 s.
571 1600 597 1625 p.
618 1594 679 1624 405,
699 1594 733 1617 20
752 1592 781 1618 et
800 1594 919 1623 411,16
939 1591 981 1625 Ey
983 1601 1017 1618 ss.
1041 1593 1050 1626 ΙΙ
1074 1595 1106 1618 23
1126 1600 1225 1618 (ΑΗ-ιω
1245 1592 1360 1627 eligere]

78 1627 147 1653 Don.
173 1626 208 1653 ad
228 1627 290 1653 Ter.
315 1627 375 1654 hec
391 1612 433 1653 'IV
454 1630 477 1660 1,
498 1630 531 1653 22
552 1628 580 1653 et
599 1627 710 1654 Phorm.
730 1627 756 1652 II
775 1630 799 1660 3,
819 1630 852 1653 23
877 1627 886 1660 ΙΙ
909 1601 986 1662 antri]
1007 1636 1102 1661 georg.
1123 1628 1148 1653 ΙΙ
1167 1631 1219 1654 230

152 1710 165 1733 1
186 1706 265 1733 lauro
285 1707 453 1734 coronantur
472 1716 521 1734 om.
543 1706 577 1740 0,
596 1708 659 1734 add.
681 1707 716 1733 0.»
738 1707 768 1740 ΙΙ
772 1710 786 1733 2
807 1706 890 1733 alites
908 1707 1021 1740 scripsi:
1041 1707 1123 1733 aliter
1143 1708 1166 1733 Ο
1187 1708 1196 1741 ΙΙ
1219 1707 1321 1734 dieituz
1342 1708 1365 1734 Ο

78 1742 219 1776 (dicuntur
239 1742 283 1776 0²)
305 1743 315 1776 ΙΙ
339 1746 354 1769 3
374 1742 480 1769 libuteo
501 1742 535 1770 0²
557 1745 566 1775 ΙΙ
590 1742 713 1777 sangulis
734 1741 758 1768 0
774 1742 927 1776 (sangualis
948 1742 991 1775 0²)
1014 1743 1023 1776 ΙΙ
1047 1745 1063 1768 4
1086 1743 1161 1769 terra
1187 1743 1293 1769 editum
1315 1744 1360 1768 0²:

78 1779 152 1826 terre
167 1778 274 1804 dictum
289 1780 311 1804 0
328 1779 404 1805 terra.
418 1778 541 1805 edictum
557 1779 585 1804 P
599 1780 675 1805 terra
688 1778 819 1805 eductum
834 1778 938 1804 Daniel
951 1778 987 1811 ΙΙ
976 1789 990 1804 o
1006 1778 1152 1819 pulchrum
1167 1779 1360 1811 c.1·1›ulehr·im

79 1814 102 1840 0
122 1814 133 1848 11
155 1814 287 1840 membris
307 1814 334 1839 P
338 1813 382 1840 0¹:
409 1814 490 1840 terris
511 1814 534 1840 0
554 1815 563 1848 ΙΙ
587 1814 653 1847 quia
677 1815 754 1840 aetos
774 1814 797 1840 Ο
821 1814 909 1847 (eetos
934 1814 979 1847 0²)
1006 1813 1053 1846 qui
1077 1811 1159 1843 αετὰς
1183 1814 1222 1839 sit
1246 1815 1360 1840 vocatus

78 1852 247 1878 evanuerunt
270 1850 301 1876 in
327 1850 365 1883 P,
390 1850 453 1884 leyit
476 1850 580 1876 Daniel
602 1851 651 1883 116
674 1850 783 1883 patrem
807 1849 946 1875 falumum
971 1849 1115 1875 saturnum
1139 1849 1166 1874 P
1178 1848 1194 1882 ‘U
1217 1850 1359 1875 srturnum

79 1893 113 1912 ex
132 1885 275 1925 salurnum
292 1884 316 1911 0
335 1886 345 1919 u
369 1888 383 1911 ⁷
403 1886 452 1911 ant
472 1885 495 1912 0
512 1886 603 1919 (antro
625 1885 668 1917 0²)
692 1885 702 1918 11
724 1885 753 1910 111
772 1884 935 1918 obsequium
957 1884 1028 1910 Iovis
1047 1893 1075 1910 se
1095 1884 1173 1910 dedit
1191 1887 1361 1911 evanuerunt

77 1921 109 1947 in
128 1921 166 1953 P,
187 1920 217 1947 in
241 1920 405 1954 obsequium
430 1920 504 1947 Iouis
528 1921 617 1947 edidit
640 1921 703 1954 lcyit
722 1921 826 1946 Daniel
849 1921 858 1953 ΙΙ
881 1923 896 1946 8
917 1920 994 1946 debit
1014 1919 1037 1945 (J
1060 1919 1149 1952 <dedit
1168 1920 1212 1953 0²)
1235 1921 1244 1953 ΙΙ
1267 1919 1359 1946 adole-

16 1954 22 1981 Ῐ
78 1941 166 1983 visset
183 1964 216 1982 επ
236 1956 404 1983 adolevitset
425 1956 448 1983 0
468 1957 477 1990 {l
500 1957 532 1982 Iu
533 1956 628 1991 ppiter
646 1958 675 1982 et
699 1956 808 1990 patrem
834 1963 919 1989 regno
940 1954 1093 1989 [npulisset
1111 1963 1161 1982 om.
1183 1955 1210 1980 P
1231 1956 1240 1989 ΙΙ
1263 1956 1291 1981 et
1310 1964 1359 1981 om.

28 2019 30 2021 ,
74 1991 103 2018 0
120 1992 162 2025 (m
175 1994 260 2026 mary.
276 1992 338 2019 add.
357 1991 402 2024 0²)
415 1992 425 2026 ΙΙ
439 1996 454 2019 9
470 1992 555 2019 uelud
571 1991 613 2026 011
627 1991 777 2031 pellicatus
792 1991 819 2016 P
829 1991 838 2024 n
854 1994 886 2016 10
901 1992 979 2017 aetos
999 1990 1022 2016 Ο
1033 1991 1042 2024 Η
1056 1998 1147 2024 grece:
1142 1990 1188 2017 0
1205 1990 1229 2024 (Γ
1243 1992 1332 2024 erasa)
1353 1991 1362 2025 {f

78 2026 180 2054 'dicitur
199 2049 204 2055 .
222 2049 227 2054 .
244 2048 250 2054 .
270 2027 314 2054 col
333 2030 502 2054 evanuerunt
520 2029 551 2054 in
571 2028 598 2053 P
613 2035 713 2061 graece
732 2026 834 2053 dicitur
852 2035 903 2052 Am:
917 2025 1021 2060 Aquila
1039 2027 1154 2060 propter
1171 2026 1296 2060 aquilum
1316 2035 1359 2052 oo-

78 2062 166 2090 lorem
185 2063 270 2090 edidit
290 2063 393 2090 Daniel
415 2064 424 2098 ss
449 2067 479 2089 11
501 2063 593 2090 colore
615 2062 637 2089 0
658 2064 667 2097 ΙΙ
690 2062 737 2096 qui
751 2062 814 2096 4²³⁴}
829 2063 890 2088 ater
910 2061 933 2088 0
950 2063 959 2096 ΙΙ
978 2070 1061 2095 quam
1081 2070 1191 2096 semper
1211 2061 1256 2088 0²:
1277 2071 1359 2095 quam

77 2142 97 2168 p
115 2142 144 2160 a
152 2134 176 2161 G
195 2135 205 2168 11
227 2143 311 2168 quam
336 2143 418 2161 auem
442 2135 468 2160 P
489 2135 499 2168 ΙΙ
524 2138 556 2160 12
572 2135 627 2160 han
654 2134 676 2160 0
699 2134 724 2167 (e
747 2140 880 2166 superscr.
904 2133 961 2159 ead.
986 2133 1095 2166 manus)
1118 2133 1128 2166 ΙΙ
1151 2133 1319 2167 gynamedes
1340 2133 1363 2159 (J

79 2169 250 2204 (ganimedes
270 2169 315 2203 0²)
330 2171 339 2204 ΙΙ
354 2170 530 2204 Ganymedes
550 2190 555 2195 .
572 2191 577 2196 .
595 2191 600 2196 .
620 2170 715 2204 raptus
735 2170 904 2195 evanuerunt
922 2169 953 2194 in
972 2168 1004 2201 P,
1024 2169 1088 2202 leyit
1106 2168 1211 2195 Daniel
1224 2169 1233 2202 ΙΙ
1249 2171 1281 2195 16
1302 2177 1359 2194 cra—r

78 2204 171 2231 tenses
191 2204 214 2231 0
235 2206 386 2239 (cretenses
406 2206 450 2238 02)
475 2206 484 2239 ΙΙ
508 2214 568 2232 eom
590 2205 613 2232 0
635 2207 708 2238 (cum
734 2204 777 2237 0²)
801 2204 810 2238 ΙΙ
834 2207 867 2230 20
892 2204 928 2230 ad
951 2212 974 2231 v
995 2207 1046 2230 395
1072 2203 1187 2238 Ordine]
1211 2212 1266 2230 non
1290 2203 1359 2229 nulli

79 2248 129 2274 pro
153 2241 223 2267 serie
247 2241 391 2275 accipiunt
413 2241 541 2275 quamuis
567 2262 594 2268 ..
641 2240 724 2267 dicat
748 2240 774 2265 P
797 2239 921 2274 (quidam
945 2241 1082 2273 quaerant
1105 2239 1244 2273 quomodo
1264 2238 1359 2265 ordine

80 2283 143 2302 eum
161 2284 226 2303 mox
245 2277 326 2303 coetu
344 2286 413 2311 quoe
431 2278 509 2303 hodie
536 2285 593 2303 non
611 2278 728 2310 possunt
754 2276 818 2336 leyii
841 2275 904 2309 leyit
923 2275 1037 2308 Daniel)
1061 2276 1070 2309 ΙΙ
1093 2278 1126 2301 22
1151 2275 1288 2309 quaerunt
1313 2273 1359 2300 0¹

79 2319 161 2344 quem
182 2311 205 2338 0
226 2312 299 2346 (cum
321 2312 364 2346 0²)
387 2313 397 2347 ΙΙ
420 2316 452 2339 23
478 2313 515 2339 acl
533 2321 556 2339 v.
577 2315 628 2338 396
648 2311 687 2338 Ca
688 2311 766 2352 pere]
791 2310 894 2345 eligere
919 2330 925 2336 .
942 2331 947 2337 .
965 2332 970 2337 .
995 2310 1091 2337 oculis
1129 2311 1218 2345 Desp‹
1221 2309 1309 2344 ctare
1329 2296 1359 2335 irl

80 2347 124 2372 est
145 2347 249 2374 electas
274 2347 330 2374 iam
354 2348 490 2375 intentius
514 2347 664 2382 despicere
690 2347 717 2373 P
740 2346 887 2381 (intentius
911 2346 1053 2380 despicere
1078 2355 1147 2380 quae
1166 2347 1228 2380 leyit
1247 2345 1359 2377 Daniel

79 2382 156 2409 hodie
174 2386 351 2418 evanuerunt)

1387 728 1419 751 10

1388 995 1417 1018 15

1383 1263 1416 1286 20
