1722 2670
486 107 600 134 COMM.
620 107 658 134 IN
679 107 786 136 VERG.
806 108 889 136 AEN.
910 109 955 147 ΙΙΙ..
976 114 1106 138 93-104,
1367 114 1431 145 359

154 189 368 231 Hyperborei.
405 188 485 221 mire
509 190 618 221 autem
643 190 790 232 sequenti
814 201 908 222 versu
931 191 993 223 hoe
1017 193 1160 225 ostendit
1183 194 1316 227 dicendo
1341 195 1432 228 ‘haec

153 242 330 276 Phoebus'.
1057 249 1080 286 Χ

243 296 295 328 99.
333 303 498 328 TVMVLTV
522 296 597 337 quia
621 295 703 328 dixit
729 295 932 338 ‘exquirite'.

223 350 295 382 100.
330 357 495 381 LAETITIA
514 350 649 390 propter
663 350 858 390 promissam
874 350 1002 392 imperii
1018 352 1252 386 aeternitatem.
1282 357 1430 395 mmmm]

152 403 227 444 finis
249 403 330 435 enim
352 402 485 443 atispicii
507 403 542 434 in
565 403 820 435 demonstratione
842 404 1064 444 conprehensus
1082 406 1165 438 dedit
1179 408 1352 447 petentibus
1371 409 1430 440 lae·
1451 415 1466 438 5

154 457 240 489 tibiae
262 456 429 497 optandam
448 456 697 497 yratulationem.

245 510 318 542 101.
358 522 448 542 roem
468 512 525 542 aut
545 512 666 550 revocet,
688 512 745 542 aut
766 510 902 542 horietur
925 514 953 543 et
974 515 1104 544 moneat.

244 563 315 595 102.
351 571 575 596 MONVMENTA
598 572 758 595 vmonviu
782 563 947 596 historias,

241 616 312 649 103.
350 625 430 649 SPES
454 625 592 649 DISCITE
612 625 764 649 VESTRAS
785 619 841 649 aut
860 618 951 659 quasi
971 629 1068 650 senex
1087 619 1246 660 loquitur:
1270 622 1326 652 aut
1347 621 1432 663 quia,

149 671 185 702 ut
217 680 316 712 supra
349 669 403 711 <11
427 670 514 711 687>
548 670 701 712 diximus,
735 671 797 703 scit
826 682 860 703 se
884 682 954 703 esse
978 672 1183 714 moriturum3
1215 673 1325 714 ubique
1347 675 1429 706 enim
1450 681 1482 704 10

147 722 244 755 sciens
264 723 445 763 futurorum
467 724 635 755 inducitur.

196 808 198 810 ,
242 776 313 808 104.
351 785 463 808 ORETA
487 777 658 809 Dardanus
678 777 766 810 Iovis
786 777 871 810 filius
896 779 929 810 et
947 778 1105 820 Electrae,
1128 779 1292 820 profectus
1316 780 1354 812 de
1370 780 1429 813 Co-

147 828 256 871 rytho,
280 829 413 861 civitate
429 829 574 872 Tusciae,
597 831 722 873 primus
746 831 836 863 venit
859 831 898 863 ad
922 830 1054 863 Troiam
1079 834 1111 863 et
1134 832 1200 864 illic
1218 844 1320 874 parva
1343 834 1429 866 aedi-

146 882 221 914 ficia
244 882 425 916 collocavit.
459 885 535 925 post
558 884 646 916 euius
671 884 797 916 obitum
813 884 935 916 Teucer
958 885 1047 917 venit
1071 896 1110 917 ex
1134 885 1231 918 Creta
1254 889 1287 918 et
1305 887 1428 919 invenit

146 934 291 968 Dardani
307 937 412 968 socios
432 937 619 969 habitantes
640 938 674 969 in
693 938 842 970 vallibus.
866 938 920 980 qui
940 938 1111 970 constituit
1130 951 1219 972 arces
1240 942 1272 972 et
1290 942 1426 973 moenia.
1448 948 1479 970 15

146 989 242 1021 modo
266 1000 344 1032 ergo
369 992 457 1022 errat
475 990 644 1031 Anchises,
667 1001 726 1022 nee
749 991 924 1032 respiciens
949 991 1123 1023 adventum
1147 991 1291 1025 Dardani
1315 1005 1426 1026 oracu-

145 1042 214 1074 lum
230 1041 360 1075 Cretam
380 1043 562 1085 significare
587 1045 833 1086 argumentatur
857 1055 894 1076 ex
918 1044 969 1075 his
994 1055 1075 1085 quae
1100 1046 1205 1077 solent
1230 1046 1269 1078 ab
1294 1047 1425 1079 advenis

145 1095 225 1127 fieri.
258 1096 326 1138 Ida,
349 1096 465 1138 inquit,
489 1097 557 1129 illie
581 1099 640 1138 est,
665 1108 747 1139 quae
770 1099 803 1128 et
826 1097 859 1128 in
875 1097 972 1129 Troia
996 1098 1035 1129 ad
1060 1097 1305 1131 similitudinem
1331 1100 1426 1142 dieta,

146 1151 182 1181 ut
201 1149 309 1190 <497>
330 1150 507 1191 effigiem
530 1150 677 1182 Xanthi
701 1149 932 1191 Troiamque
956 1150 1113 1190 videtis,
1138 1163 1248 1193 quam
1272 1156 1425 1186 vestrae

144 1202 271 1235 fecere
295 1214 444 1244 manus,
467 1204 547 1235 item
572 1214 737 1235 sacrorum
760 1203 948 1244 similitudo,
968 1214 1050 1245 quae
1070 1204 1153 1244 apud
1173 1196 1311 1238 maiores
1335 1207 1424 1238 nefas
1445 1214 1478 1237 20

145 1257 214 1287 erat
245 1256 365 1296 perire:
402 1256 486 1288 unde
510 1256 637 1288 Aeneas
669 1257 703 1288 in
733 1256 806 1288 XII.
835 1256 944 1297 <192>
977 1267 1086 1288 saera
1117 1257 1283 1300 deosque
1314 1260 1425 1301 dabo,

144 1319 254 1341 socer
282 1320 387 1341 arma
410 1309 574 1341 Latinus
598 1310 749 1342 habeto.
861 1318 954 1342 IOVIS
978 1318 1092 1341 MAGNI
1117 1311 1193 1352 quia
1216 1311 1283 1344 illic
1307 1312 1423 1345 dieitur

144 1372 214 1394 esse
237 1363 395 1395 nutritus:
429 1363 528 1405 quod,
551 1366 588 1395 ut
612 1362 786 1395 Sallustius
810 1363 901 1404 dicit,
930 1363 1000 1395 ideo
1024 1364 1172 1405 fingitur,
1202 1365 1278 1406 quia
1301 1366 1423 1407 primos

147 1415 318 1448 Cretenses
342 1418 472 1448 constat
494 1417 656 1449 invenisse
680 1417 877 1458 religionem.
912 1428 987 1448 sane
1011 1417 1080 1448 nati
1099 1417 1186 1449 Iovis
1210 1418 1321 1450 fabula
1344 1419 1423 1452 haee

143 1471 206 1501 est:
230 1468 387 1501 Saturnus
406 1471 580 1512 postquam
601 1481 620 1502 a
634 1470 791 1501 Themide
811 1470 942 1502 oraculo
962 1470 1129 1512 comperit,
1149 1482 1168 1502 a
1186 1471 1253 1503 filio
1274 1483 1308 1504 se
1326 1484 1422 1514 posse
1442 1480 1475 1503 25

143 1533 243 1565 regno
272 1522 403 1565 depelli,
435 1526 529 1556 natos
559 1535 597 1555 ex
620 1523 713 1555 Rhea
741 1535 840 1555 uxore
868 1524 950 1564 filios
973 1523 1157 1555 devorabat.
1204 1536 1286 1566 quae
1309 1528 1422 1558 natum

141 1575 261 1617 Iovem,
284 1577 528 1618 pulchritudine
550 1578 616 1609 eius
640 1577 809 1618 delectata,
832 1577 982 1619 nymphis
1003 1577 1240 1609 commendavit
1258 1578 1291 1610 in
1311 1582 1421 1611 monte

142 1628 259 1661 Cretae
282 1629 428 1671 Dictaeo,
452 1630 508 1662 ubi
532 1642 605 1662 eum
629 1631 779 1662 aluerunt
803 1641 889 1671 apeS.
930 1641 990 1671 pro
1013 1641 1071 1671 quo
1094 1631 1265 1664 involutum
1289 1632 1421 1672 lapidem

137 1683 331 1724 qlutiendum
354 1683 491 1716 Saturno
514 1685 604 1716 dedit.
650 1694 738 1724 quem
762 1694 831 1716 oum
853 1683 1024 1724 Saturnus,
1050 1684 1163 1724 fraude
1186 1686 1314 1725 coym'ta,
1337 1686 1418 1718 velie-

140 1737 273 1769 mentius
295 1740 459 1778 quaereret,
483 1739 515 1769 et
539 1737 677 1775 adhibiti
701 1739 777 1769 sunt
792 1736 926 1769 Curetes
947 1740 980 1769 et
995 1736 1207 1779 Corybantes,
1228 1738 1281 1780 qui
1296 1739 1418 1770 tinnitu
1438 1746 1472 1769 30

144 1790 238 1832 aeris,
260 1790 296 1822 id
317 1793 362 1822 est
385 1791 470 1823 lusus
493 1791 658 1832 excoyitato
678 1801 794 1831 yenere,
817 1793 852 1822 ut
873 1801 942 1822 eum
965 1791 1067 1831 clipeis
1090 1792 1186 1823 aereis
1208 1792 1288 1823 inter
1306 1802 1336 1823 se
1353 1803 1420 1824 con-

213 1890 245 1913 12
265 1887 412 1913 Dardanus
431 1887 505 1914 Iovis
525 1887 597 1913 filius
617 1895 640 1913 e.
659 1896 685 1920 q.
659 1887 739 1921 q.s]
760 1886 794 1913 ef.
815 1886 952 1920 mythogr
970 1887 1236 1922 1135,111921123
1257 1888 1417 1923 Sallustius]

140 1922 205 1950 hist.
224 1922 323 1957 fragm.
343 1922 382 1949 III
401 1926 434 1949 63
449 1922 497 1949 Kr
512 1923 569 1957 {124
589 1931 656 1949 sane
674 1922 734 1948 nati
754 1921 826 1949 Iovis
846 1930 870 1951 e,
889 1931 915 1956 q.
936 1922 969 1957 s.]
990 1923 1267 1957 exscr.mythogr.1
1288 1927 1338 1951 104
1357 1924 1382 1950 11
1404 1929 1415 1950 1

140 1959 169 1984 et
188 1961 228 1985 16.
257 1958 335 1984 Luet.
355 1958 431 1985 Plac.
452 1958 488 1985 ad
507 1958 577 1985 Stat.
597 1958 664 1985 Ach.
685 1958 767 1984 1387

214 2049 227 2072 1
247 2046 395 2081 yperborei
414 2047 445 2073 F
448 2047 546 2073 LHE
558 2048 567 2080 ΙΙ
581 2047 634 2073 hoc
654 2046 695 2072 F.
714 2047 766 2072 hee
781 2046 806 2072 L
830 2047 899 2078 haee
914 2047 949 2073 Η
967 2047 1037 2073 haec
1055 2054 1123 2073 uera
1138 2047 1209 2073 ME
1221 2047 1230 2081 ΙΙ
1244 2051 1259 2073 2
1275 2047 1416 2090 Phoebus]

143 2089 260 2125 graecus
278 2090 344 2109 vero
362 2091 459 2109 versus
478 2082 523 2109 hic
543 2084 585 2109 est
600 2083 650 2115 (ll
666 2082 717 2108 XX
732 2084 794 2115 303)
814 2083 865 2108 καί
880 2083 990 2108 παίδων
1009 2083 1111 2112 παῖδες
1130 2083 1176 2108 τοί
1192 2092 1241 2108 κεν
1261 2081 1416 2117 μετόπισθε

142 2116 280 2150 ’γένωνται
299 2118 362 2146 add
382 2118 412 2144 D
434 2119 443 2152 ΙΙ
467 2121 483 2144 4
502 2118 628 2152 propter]
649 2126 715 2144 uero
734 2118 849 2151 propter
869 2117 939 2143 ME
958 2119 967 2151 ΙΙ
991 2121 1005 2144 7
1024 2126 1111 2152 supra
1129 2127 1213 2144 voem-
1231 2119 1296 2145 haec
1312 2119 1417 2152 scripta

141 2154 206 2179 sunt
223 2153 254 2179 in
276 2153 300 2179 T
315 2154 365 2180 aut
381 2155 495 2181 reuocet
513 2155 562 2180 aut
582 2154 708 2180 hortetur
727 2153 777 2179 aut
796 2153 881 2179 etiam
900 2154 1020 2180 moneat
1035 2154 1044 2187 ΙΙ
1060 2157 1091 2179 12
1112 2153 1199 2180 corito
1213 2154 1283 2179 LM
1300 2162 1364 2187 eory
1366 2154 1416 2180 tho

141 2188 174 2213 H
199 2188 307 2218 coritho
326 2189 356 2214 E
375 2190 385 2223 ΙΙ
409 2193 440 2216 17
461 2189 616 2223 significare
641 2188 737 2215 credit.
762 2189 973 2223 argumentatur
991 2189 1147 2223 Stephanus
1165 2191 1190 2215 et
1208 2189 1312 2215 Daniel
1331 2189 1415 2223 signi—

141 2223 223 2250 ficare
252 2223 341 2250 credit
367 2226 396 2251 et
418 2226 630 2259 argumentatur
654 2224 804 2250 Fabiicius
833 2223 989 2258 significare
1013 2224 1131 2251 eredidit
1153 2225 1182 2251 et
1205 2225 1416 2265 argumentatur

141 2258 215 2285 Litm
237 2259 247 2293 ΙΙ
271 2262 304 2286 18
323 2259 372 2286 Ida
391 2281 397 2286 .
417 2260 585 2288 ..Latinus
604 2260 706 2286 habeto
725 2267 775 2286 om.
796 2259 832 2287 F.
859 2259 893 2291 cf.
913 2260 950 2286 ad
967 2263 1062 2286 v.105
1086 2260 1096 2294 11
1119 2263 1152 2286 23
1172 2259 1276 2294 primos
1298 2259 1415 2285 FME:

142 2293 231 2327 primo
250 2294 339 2328 LHn
357 2298 390 2322 25
410 2295 439 2336 a]
459 2304 474 2323 e
494 2295 524 2322 1
535 2297 544 2330 ΙΙ
558 2295 701 2322 themidea
721 2295 786 2321 LH
800 2296 810 2329 ΙΙ
828 2304 844 2321 a
863 2294 920 2322 filio
940 2303 989 2322 suo
1007 2295 1033 2321 L
1046 2295 1056 2329 ΙΙ
1074 2299 1107 2322 28
1127 2304 1177 2330 pro
1197 2295 1271 2329 quod
1291 2294 1326 2329 1
1346 2303 1414 2322 corr.

142 2303 245 2356 Daniel
258 2331 268 2364 ΙΙ
282 2333 316 2356 30
335 2330 375 2365 et]
395 2331 421 2358 ei
441 2332 595 2358 Mas-»icius
609 2331 618 2365 ΙΙ
632 2334 664 2357 31
685 2330 772 2357 aereis
792 2330 985 2357 Commelinus:
1003 2331 1076 2358 aeris
1095 2330 1126 2357 F
