1630 2684
510 149 622 178 COMM.
642 151 682 178 IN
700 151 808 178 VERG.
829 152 912 179 AEN.
933 154 965 180 11.
987 157 1098 182 19—26.
1377 158 1441 188 219

163 232 250 264 dicta
269 233 329 264 est.
364 231 436 263 ideo
457 241 533 274 ergo
553 232 601 264 ait
619 232 803 265 ‘notissima
821 234 929 266 fama'.
968 235 1014 267 sic
1034 235 1145 268 Cicero
1166 237 1292 270 Tenen
1316 239 1441 280 ipsum

163 285 270 317 euius
308 296 351 317 ex
387 284 540 316 nomine
573 285 745 318 Tenedos
778 287 1009 320 nominatur.
1103 304 1231 323 mammos
1262 292 1367 324 insula
1399 295 1443 324 est

162 341 269 370 contra
287 337 311 369 I
311 338 400 377 lium,
423 348 501 378 quae
522 341 594 370 ante
611 339 805 381 Leucophrys
822 341 904 372 dicta
927 344 985 380 θεὴ·
1009 353 1083 373 nam
1100 343 1206 385 Tenes,
1231 344 1325 385 Cycni
1346 346 1440 387 filius,

162 391 333 431 infamatus
354 401 375 422 a
397 401 537 432 noverca,
561 393 642 432 quod
663 403 731 424 cum
754 404 790 425 ea
812 394 955 426 voluisset
976 396 1180 438 concumbere,
1202 398 1367 430 cultoribus
1389 410 1439 430 va—

161 454 250 476 cuam
282 444 395 476 terruit:
427 445 508 476 unde
537 445 670 478 Tenedos
697 447 778 478 dicta
805 450 856 479 est.
906 449 965 480 alii
994 449 1111 490 dicunt,
1145 451 1226 490 quod
1255 461 1287 482 se
1314 455 1441 492 propter

159 507 255 538 suffra
283 498 397 529 dictam
426 509 553 530 causam
581 510 617 531 ex
644 501 713 540 ‘ipsa
740 501 845 532 insula
872 502 907 533 in
935 512 1021 534 mare
1042 504 1302 544 praecipitaverit.
1347 505 1440 538 huius

157 561 244 583 soror
265 551 432 583 Hemithea
452 552 548 591 fuisse
571 553 693 584 dicitur.

246 604 298 636 22.
334 614 462 639 INSVLA
482 614 586 638 mvss
606 614 701 638 opvm
725 609 760 638 ut
777 607 854 639 alibi
872 608 939 648 <IX
958 609 1021 650 26>
1044 610 1144 641 dives
1167 621 1303 650 equum.
1340 615 1369 643 et
1386 613 1438 644 hic

157 657 308 698 genetivo
342 657 463 699 iungit,
497 657 634 701 Statius,
666 660 750 701 quod
781 671 889 692 rarum
921 663 983 702 est,
1017 664 1048 693 et
1080 663 1237 705 ablativo,
1269 667 1306 696 ut
1338 666 1437 697 satis

157 711 263 742 ostro
293 711 399 743 dives
429 714 466 743 et
495 723 595 744 auro.
682 727 866 746 mmmmm
878 727 975 746 REGNA
989 728 1019 746 M.
1048 715 1133 755 muz·
1154 719 1182 748 et
1204 718 1274 757 ipsa
1296 729 1316 749 a
1341 718 1436 751 Grac-

154 764 198 796 cis·
220 767 271 796 est.

243 818 296 849 23.
333 831 421 851 stzvvs·
441 820 583 851 reductus
607 820 706 852 litoris
729 831 866 853 secessus.
957 830 1079 854 STATIO
1109 824 1207 855 statio
1236 826 1286 855 est
1313 825 1369 856 ubi
1396 826 1435 857 ad

154 873 283 913 tempus
308 873 398 904 stant
420 884 535 913 naves⁷
558 875 673 914 portus
698 874 753 905 ubi
777 874 931 906 hiemant.
1021 884 1117 907 MALE
1141 885 1226 908 FIDA
1250 880 1305 909 aut
1328 879 1434 910 minus

153 924 218 956 fida
235 927 370 966 propter
389 926 567 967 periculum
582 926 727 967 navium,
746 927 823 968 quia
837 928 936 959 statio
953 931 1015 969 est,
1035 940 1130 970 quam
1150 930 1296 971 plagiam
1311 931 1433 964 dicunt:

154 980 211 1009 aut
234 979 321 1009 certe
346 978 409 1010 fida
433 978 574 1010 Graecis.
656 988 752 1011 MALE
776 980 837 1012 hoc
863 983 911 1012 est
938 980 983 1012 ‘in
1005 984 1153 1014 nostram
1175 984 1372 1025 perniciem’,
1397 987 1433 1017 ut

154 1030 301 1063 Lucanus
329 1031 367 1063 de
397 1032 540 1073 syrtibus
570 1032 625 1063 sie
653 1033 751 1064 male
781 1033 966 1065 deseruit:
995 1037 1027 1066 et
1054 1035 1137 1067 hanc
1162 1037 1433 1078 significationem

101 1088 111 1100 ⁴
153 1095 226 1116 raro
250 1084 441 1116 invenimus.
479 1096 555 1117 sane
576 1085 672 1117 ‘male
691 1086 785 1118 fidus'
808 1098 869 1119 rum
892 1088 1020 1129 infidus,
1043 1089 1096 1120 scd
1113 1090 1218 1121 minus
1238 1091 1319 1122 fidus
1339 1091 1432 1123 intel-

153 1137 283 1180 legitur.
330 1137 438 1170 ‘male’
463 1138 549 1170 enim
573 1139 787 1171 minutionem
810 1140 923 1182 habet,
946 1152 1012 1173 11011
1034 1143 1249 1183 negationem.

241 1191 293 1223 24.
330 1204 459 1224 Dnsfflero
479 1192 525 1223 vel
547 1191 585 1223 ab
603 1191 665 1233 his,
688 1194 742 1233 qm'
762 1193 918 1226 Troianae
934 1195 1039 1234 partis
1062 1198 1166 1234 erant;
1190 1199 1247 1228 aut
1268 1199 1343 1229 certe
1365 1198 1431 1229 ideo

152 1243 298 1283 ‘deserto’,
321 1247 357 1276 ut
375 1245 503 1285 facilius
527 1246 619 1277 latere
635 1247 766 1286 possint.
862 1260 933 1280 com)
942 1261 996 1280 VNT
1012 1259 1071 1289 pro
1095 1250 1290 1281 abscondunt.

240 1298 291 1330 25.
329 1307 462 1331 ABIISSE
488 1309 644 1333 PETIISSE
670 1300 800 1332 ‘abisse’
825 1301 960 1333 dicimus
985 1304 1017 1334 et
1041 1302 1194 1344 ‘petisse’‚
1219 1304 1275 1335 sed
1298 1307 1432 1346 propter

151 1354 291 1384 metrum
306 1352 423 1394 epenth
445 1352 489 1384 sis
504 1353 591 1385 facta
606 1355 663 1385 est.
744 1366 880 1386 MYOENAS
897 1365 917 1386 a
930 1358 1022 1396 parte
1035 1350 1146 1397 totumJ
1154 1356 1189 1387 id
1201 1358 1244 1388 est
1258 1356 1430 1389 Graeciam.

238 1406 291 1437 26.
329 1415 435 1438 OMMS
455 1415 607 1438 TEVCRIA
628 1407 780 1439 subaudis
801 1407 914 1449 ‘gens'.
947 1410 979 1440 et
997 1409 1148 1440 absoluta
1167 1411 1217 1441 est
1237 1410 1385 1442 elocutio.

149 1472 255 1492 somn*
275 1460 365 1500 quasi
387 1462 458 1492 ante
480 1461 638 1493 aerumnis
660 1462 755 1492 vincti
776 1464 879 1493 essent.

223 1550 235 1573 1
257 1546 364 1582 Cicero]
384 1546 413 1573 in
432 1547 509 1575 Verr.
530 1549 583 1574 aet.
603 1549 629 1574 II
648 1548 695 1575 lib.
716 1549 727 1574 I
747 1551 789 1582 19,
809 1549 895 1583 49112
914 1549 1006 1576 insula
1025 1551 1067 1576 est
1086 1571 1091 1576 .
1107 1571 1113 1577 .
1131 1571 1136 1576 .
1156 1550 1240 1577 fuisse
1260 1551 1373 1586 dieitur]
1394 1552 1428 1578 cf.

149 1581 249 1609 Suidas
269 1591 290 1608 8.
305 1592 330 1609 v.
353 1581 486 1613 Τενέδιος
505 1580 658 1617 ἅνθρωπος
674 1584 699 1610 ΙΙ
718 1593 743 1618 p.
761 1586 837 1617 1070,
853 1587 886 1611 20
902 1585 1001 1611 Bernh.
1016 1586 1025 1619 Ι]
1040 1588 1055 1611 9
1073 1585 1191 1620 Statius]
1212 1586 1298 1613 Theb.
1315 1587 1340 1612 II
1355 1590 1406 1613 406
1421 1588 1429 1621 Ι]

151 1621 182 1644 12
202 1618 286 1645 statio
305 1619 348 1644 est
364 1639 369 1644 .
387 1640 393 1645 .
409 1639 414 1644 .
430 1618 567 1654 hiemant]
589 1627 674 1645 exscr.
689 1619 754 1646 Isid.
771 1619 839 1654 orig.
855 1620 920 1646 XIV
935 1624 959 1654 8,
975 1623 1017 1647 39.
1037 1621 1094 1648 diff.
1110 1622 1184 1648 verb.
1202 1625 1253 1648 535
1268 1623 1277 1656 Ι]
1293 1625 1325 1648 14
1345 1631 1428 1656 quam

149 1653 272 1688 plagiam
292 1653 399 1689 dicunt]
421 1654 454 1681 cf.
474 1654 539 1681 Isid.
560 1654 629 1689 orig.
649 1655 715 1681 XIII
736 1658 776 1688 16,
796 1658 828 1681 10
842 1657 851 1690 ΙΙ
867 1659 899 1682 16
918 1656 1058 1691 Lucanus]
1078 1657 1116 1683 IX
1132 1660 1184 1684 310

221 1737 235 1760 1
254 1734 367 1760 tennem
386 1734 411 1760 L
443 1735 546 1761 tennen
565 1735 599 1761 H
614 1736 623 1769 ΙΙ
641 1734 732 1769 ipsum
752 1743 801 1762 om.
823 1734 847 1762 0¹
866 1736 875 1769 ΙΙ
898 1739 913 1762 3
933 1736 1071 1770 leucofrye
1093 1737 1115 1763 G
1131 1738 1140 1770 Ι]
1161 1738 1257 1764 tennes
1277 1737 1301 1764 0
1316 1739 1325 1772 ΙΙ
1344 1738 1428 1772 Cycni

147 1769 271 1803 Ryckius
289 1777 322 1796 ea:
343 1770 435 1796 Tzetze
453 1771 485 1796 iri
503 1770 638 1804 IAJcophr.
658 1779 682 1797 v.
702 1773 760 1798 232
781 1773 805 1797 et
823 1772 903 1797 schol.
923 1772 1003 1798 Hom.
1025 1772 1062 1798 Il.
1083 1773 1104 1798 Ι
1122 1775 1171 1799 38.-
1190 1772 1266 1806 gysis
1287 1772 1311 1799 0
1326 1774 1330 1806 1
1352 1777 1366 1799 7
1387 1773 1427 1799 di-

148 1804 228 1832 citur.
265 1804 328 1832 ideo
349 1813 414 1839 ergo
436 1827 441 1832 .
462 1827 467 1832 .
488 1826 493 1832 .
513 1806 675 1832 nominatur
695 1806 717 1832 0
733 1807 742 1840 11
761 1810 776 1833 8
796 1807 823 1832 in
843 1807 869 1832 L
892 1807 947 1840 (hic
968 1808 986 1839 l)
1005 1809 1014 1841 Ι]
1035 1810 1066 1833 10
1086 1807 1133 1841 qui
1153 1809 1181 1834 et
1198 1807 1258 1842 ipse
1278 1816 1295 1834 a
1339 1809 1427 1835 raecis

147 1840 256 1867 occisus
280 1842 322 1867 est
345 1843 414 1868 corti.
438 1841 632 1874 Burmannus,
661 1841 720 1875 ipse
744 1843 815 1868 enim
837 1843 956 1869 enotavit
979 1843 1132 1876 Scioppius.
1170 1843 1286 1875 fortasse
1309 1843 1375 1877 quia
1399 1845 1427 1870 et

147 1875 208 1909 ipsa
226 1884 243 1902 a
257 1875 370 1902 Graecis
384 1877 497 1903 vastata.
511 1878 554 1903 est
567 1878 576 1911 ΙΙ
593 1880 623 1903 12
644 1878 680 1903 ad
699 1886 722 1904 v.
738 1880 771 1904 23
792 1877 885 1912 Sinus]
906 1878 1037 1904 reductus
1056 1878 1145 1904 litoris
1160 1887 1290 1905 secessus.
1322 1879 1425 1914 Statio]

147 1911 195 1937 ubi
214 1911 248 1938 ad
268 1912 380 1945 tempus
400 1913 476 1938 stant
495 1934 500 1939 .
517 1934 522 1939 .
540 1933 545 1938 .
564 1912 697 1938 hiemant.
728 1913 801 1939 Male
821 1913 888 1947 fida]
909 1913 1066 1947 periculosa
1081 1914 1201 1948 scopulis
1220 1914 1361 1948 (scopolis)
1381 1915 1427 1941 uel

147 1954 164 1973 a
183 1946 302 1974 Graecis.
341 1955 407 1974 sane
428 1948 513 1974 ‘male
533 1948 614 1975 fidos’
635 1957 691 1975 non
714 1948 828 1981 infidos,
855 1949 904 1975 sed
927 1948 1018 1975 minus
1042 1949 1110 1976 fidos
1134 1949 1314 1983 intellegitur.
1352 1951 1426 1977 male

146 1982 407 2045 astienffissffissssffi
422 1983 476 2045 {u'i
485 1983 795 2053 ⁸b5?¹?4‘3;³;5152?‘²0..5¹
805 1984 917 2053 '¹553ss
931 1985 1084 2046 θῗαὲἔιεῇῖ
1097 1986 1162 2054 “1111311
1173 1994 1191 2019 ¹³
1194 1986 1364 2055 332335131
1374 1986 1426 2047 {si

146 2052 213 2079 litus
232 2053 290 2080 sine
309 2056 393 2087 portu
411 2062 543 2088 superscr.
564 2055 595 2089 ΖΗ
614 2054 722 2089 dieunt]
743 2056 845 2081 uocant
865 2054 888 2081 0
903 2056 912 2089 ΙΙ
933 2029 964 2081 115
983 2065 1052 2081 MALE
1071 2064 1127 2082 nori
1146 2029 1290 2082 utpleriima
1308 2057 1425 2091 171319111-

147 2091 217 2121 twm,
235 2090 281 2115 sed
295 2090 454 2123 simpliciter
467 2091 598 2123 scriptum
614 2091 645 2116 iri
661 2090 703 2116 M.
723 2091 838 2122 fortasse
855 2099 921 2116 nam
943 2091 1037 2117 ‘male'
1059 2092 1153 2125 potest
1166 2099 1226 2118 esse
1248 2091 1287 2118 ‘in
1301 2093 1425 2118 nostram

146 2124 320 2157 perniciem’,
346 2126 377 2151 ut
397 2146 402 2151 .
423 2146 428 2151 .
450 2147 456 2153 .
476 2125 605 2152 deseruit.
645 2125 692 2151 sed
712 2124 783 2152 hane
803 2147 808 2152 .
830 2148 835 2153 .
857 2149 862 2154 .
886 2126 1051 2153 invenimus.
1075 2128 1084 2161 ss
1111 2127 1176 2161 hoc]
1207 2127 1275 2153 alibi
1299 2128 1367 2153 corii.
1388 2128 1423 2154 F.

147 2159 319 2194 Schoelliusn
335 2163 367 2187 16
387 2161 502 2187 1110811118
523 2161 546 2187 0
563 2161 688 2195 (lucanus
709 2161 752 2194 02)
766 2162 775 2196 ΙΙ
790 2161 925 2196 syrtibus]
946 2162 1087 2196 styrpibus
1109 2162 1132 2189 Ο
1142 2163 1151 2196 Ι]
1171 2165 1202 2189 17
1223 2163 1296 2189 male
1315 2163 1383 2189 fidos
1404 2163 1427 2189 G

146 2195 291 2222 malefidus
312 2197 349 2222 M
369 2197 379 2229 Ι]
401 2196 500 2223 infidos
522 2196 545 2224 0
564 2198 573 2230 ΙΙ
598 2197 688 2222 minus
707 2196 789 2232 fidus]
815 2205 865 2223 om.
885 2197 958 2230 ΕΗ,
982 2206 1057 2231 supr.
1077 2206 1142 2224 vers.
1164 2198 1227 2224 add.
1247 2199 1256 2224 l
1283 2198 1382 2224 infidos
1403 2198 1426 2224 C

147 2230 247 2263 (minus
266 2231 335 2258 fidos
352 2232 395 2266 02)
410 2233 419 2266 ΙΙ
434 2235 466 2259 19
482 2233 519 2259 ad
532 2241 555 2259 v.
572 2236 606 2258 24
621 2232 762 2266 Condunt]
779 2241 830 2266 pro
845 2232 1024 2260 abscondunt.
1042 2233 1069 2259 P
1081 2234 1090 2268 ss
1104 2236 1136 2259 21
1158 2234 1194 2260 ad
1207 2242 1230 2259 v.
1247 2236 1279 2259 25
1300 2233 1421 2267 Abiisse]

147 2265 237 2292 abisse
255 2275 305 2300 pro
325 2268 384 2301 (sic)
403 2267 507 2301 petisse
527 2268 657 2301 dicimus,
677 2268 725 2294 sed
742 2289 746 2293 .
763 2289 768 2294 .
785 2290 790 2294 .
806 2268 835 2294 id
855 2269 898 2295 est
913 2268 1037 2295 Graecia.
1056 2269 1104 2303 ΡΙ]
1123 2279 1226 2295 emisse
1243 2268 1266 2294 0
1277 2269 1286 2302 Ι]
1304 2268 1422 2295 abivisse

147 2300 265 2328 dicimus
285 2303 313 2328 et
331 2303 476 2336 petivisse,
497 2303 545 2330 sed
563 2304 677 2337 propter
696 2304 814 2329 metrum
836 2312 954 2338 syncope
974 2304 1050 2331 facta
1068 2305 1111 2331 est
1129 2304 1279 2330 Fabricius
1302 2304 1311 2337 Ι]
1334 2307 1366 2330 23
1387 2305 1423 2330 ad

146 2343 170 2362 ¹1).
190 2339 224 2363 26
248 2337 344 2364 01111118
363 2338 492 2373 Teucria]
517 2339 648 2365 subaudis
673 2347 747 2372 gens.
787 2338 888 2374 Solvit]
909 2339 988 2373 quasi
1013 2360 1018 2365 .
1040 2361 1045 2366 .
1067 2361 1072 2367 .
1093 2341 1191 2366 essent.
1215 2339 1242 2364 P
1259 2340 1268 2372 ΙΙ
1286 2342 1320 2365 24
1339 2340 1423 2365 antea

147 2371 267 2399 erumnis
287 2371 311 2399 G
335 2374 419 2400 antea.
437 2374 576 2401 aerumnis
595 2374 732 2408 Berykius
750 2375 759 2408 ΙΙ
777 2374 845 2401 uicti
865 2375 892 2400 P

1459 459 1474 482 5

1459 725 1490 748 10

1454 990 1485 1013 15

1451 1257 1484 1279 :20
