1722 2670
487 169 600 197 COMM.
620 170 659 197 IN
679 171 786 198 VERG.
805 171 888 200 AEN.
908 173 954 200 111.
975 175 1123 202 681-689.
1378 177 1443 209 453

165 251 210 281 est
231 249 306 281 dare
328 250 424 282 lintea
446 250 553 283 retro'.
590 251 682 295 *alius
704 252 778 284 ordo
801 255 844 284 est
867 252 985 286 econtra
1007 256 1094 308 iusQ
1116 260 1239 289 monent
1262 258 1383 298 Heleni,
1406 269 1444 291 nc

164 301 245 334 inter
267 301 404 344 Scyllam
426 306 456 336 et
477 302 671 345 Charybdim
693 315 818 337 cursum
842 307 985 339 teneant'.

255 356 329 388 687.
366 370 471 389 mmm
494 357 605 389 Sicilia
629 357 744 390 Graece
769 359 937 392 Trinacria
963 361 1029 393 ideo
1056 363 1177 404 dicitur,
1209 365 1290 405 quod
1311 368 1370 398 tres
1393 376 1443 398 ex-

165 410 345 452 tremitates,
370 420 449 451 quas
472 410 586 443 Graeci
608 409 711 454 ἄκρας
733 415 854 454 vocant,
881 414 916 445 in
939 424 1025 446 mare
1047 416 1166 447 videtur
1188 419 1357 457 extendere,
1379 419 1443 450 Pa-

165 461 298 504 chynum
329 464 411 504 quod
441 464 476 496 in
507 467 649 497 austrum
682 466 790 507 veryit,
820 467 1004 508 Lilybaeum
1034 469 1116 509 quod
1146 470 1292 509 Africam
1323 474 1444 513 spectat,
1462 478 1478 502 5

165 516 311 549 Pelorum
328 517 410 558 quod
426 517 461 550 in
482 518 675 559 Tyrrhenum
697 530 783 551 mare
800 521 946 560 procedit.
982 522 1035 554 sed
1058 521 1202 563 ‘anyusta
1221 524 1259 555 ab
1277 523 1359 556 sede'
1379 525 1444 557 ideo

164 570 308 612 adicitur,
330 571 406 612 quia
428 571 548 604 eminus
570 572 740 605 videntibus
761 584 830 605 ewm
854 574 952 606 locum
970 575 1070 607 Italia
1092 578 1120 608 et
1137 575 1249 609 Sicilia
1273 579 1355 609 terra
1377 588 1444 610 can-

165 623 265 656 tinens
280 626 423 666 putatur,
446 635 500 656 nec
522 625 586 657 nisi
608 626 651 658 ad
671 626 807 658 vicinum
829 628 1036 660 accedentibus
1057 629 1184 662 videtur.

253 686 327 719 688.
351 695 472 719 Mlssvs
487 696 600 720 ADEST
615 688 726 720 favore
746 689 871 721 scilicet
885 690 1067 722 numinum:
1082 702 1164 732 quae
1179 691 1336 725 Anchises
1353 694 1443 734 opta-

163 741 256 772 verat
279 734 388 772 dicens
413 740 523 782 (529)
556 741 656 772 ferte
689 741 789 773 viam
818 744 932 774 vento
962 743 1119 775 facilem
1148 746 1185 777 et
1213 746 1362 787 spirate
1386 758 1441 778 se-
1464 753 1496 777 10

163 793 286 826 cundi.
331 794 377 826 vel
400 793 547 827 emissus’
570 795 660 826 iuxta
682 795 863 835 qualitatem
886 796 1037 835 locorum;
1065 798 1112 829 ita
1134 799 1216 830 enim
1238 799 1273 831 in
1295 800 1360 832 illis
1383 811 1440 832 an-

159 848 274 889 qustiis
295 850 325 880 et
342 848 486 888 faucibus
508 849 607 880 maris
629 849 733 880 artari
755 851 784 880 et
805 850 978 890 conylobate
1004 851 1134 891 spiritus
1162 852 1232 892 fieri
1254 853 1376 895 dicitur,
1408 857 1443 886 ut

162 902 206 934 ad
227 901 318 934 illum
341 901 440 934 locum
463 903 677 934 &tntummodo
700 903 813 935 missus
830 903 978 935 videatur.
1119 918 1186 938 νινο
1213 919 1442 939 PRAETERVEHOR

163 945 245 987 <ism
259 967 333 987 saxo
350 965 411 996 pro
435 954 508 987 ‘vivi
529 955 625 997 saoei'‚
645 956 815 988 ablativum
831 967 893 997 pro
913 958 1055 998 ycnetivo,
1078 958 1124 990 vel
1146 959 1217 990 viva
1234 970 1313 991 saza
1330 960 1441 992 haben-

163 1009 217 1041 tia.
241 1007 346 1041 ‘ostia’
369 1019 438 1041 vero
461 1012 518 1041 aut
540 1010 632 1042 litora
655 1012 740 1049 sunt,
769 1012 825 1041 aut
851 1010 951 1042 caitus
972 1011 1115 1051 fluminis
1138 1012 1172 1044 in
1195 1022 1293 1052 mare,
1316 1016 1372 1045 aut
1393 1014 1440 1045 in·
1462 1018 1494 1041 15

162 1062 273 1095 troilus
291 1065 411 1103 portus.

251 1116 325 1149 689.
363 1125 563 1149 PANTAGIAE
588 1117 642 1149 hic
665 1117 781 1149 fluvius
806 1116 936 1150 Siciliae
960 1129 1032 1150 cum
1055 1119 1170 1160 plenus
1189 1120 1359 1162 incederet,
1383 1121 1440 1152 im-

162 1169 274 1211 plebat
298 1170 407 1202 sonitu
429 1181 532 1212 paene
555 1172 661 1203 totam
686 1170 846 1203 Siciliam:
870 1171 953 1203 unde
977 1174 1010 1204 et
1029 1172 1206 1215 Pantagias
1230 1175 1321 1214 quasi
1334 1175 1440 1215 ’1191111-

162 1225 265 1256 &tenos
287 1223 392 1255 dictus
417 1226 476 1265 est,
500 1224 592 1266 quasi
616 1224 736 1267 ubique
760 1235 888 1257 sonans.
917 1225 970 1257 hic
988 1227 1103 1267 postea
1122 1238 1194 1258 cum
1214 1226 1322 1259 Cereri
1346 1238 1441 1269 quae-

161 1276 247 1309 renti
274 1277 378 1309 filiam
407 1277 624 1319 obstreperet,
656 1280 764 1310 tacere
793 1278 899 1310 iussus
929 1280 979 1310 est
1008 1279 1148 1311 numinis
1174 1280 1349 1313 voluntate.
1458 1287 1492 1309 20

161 1338 396 1369 MEGAROSQVE
421 1340 520 1363 Sles
544 1330 679 1373 Megara
703 1331 858 1373 oppidum
882 1333 932 1364 est
955 1332 1044 1364 iuxta
1069 1332 1255 1374 Syracusas.
1355 1343 1440 1366 THA—

160 1393 323 1422 PvaQvE
351 1392 531 1416 IACENTEM
562 1385 708 1425 Thapsus
735 1386 844 1417 insula
866 1397 931 1418 non
956 1386 1053 1428 longe
1077 1398 1096 1418 a
1120 1385 1303 1428 Syracusis,
1329 1388 1439 1428 plana,

161 1447 265 1478 paene
288 1437 439 1469 fluctibus
464 1449 531 1479 par.
631 1446 739 1469 TALIA
762 1447 997 1470 MONSTRABAT
1023 1440 1098 1481 quia
1121 1440 1323 1472 occurrebat:
1358 1441 1439 1473 unde

160 1489 241 1522 haec
264 1490 337 1522 loca
359 1491 468 1523 nosti?

234 1617 247 1641 1
268 1614 339 1641 alius
358 1615 475 1641 Daniel:
493 1614 543 1641 alii
563 1615 594 1641 F
608 1615 618 1648 11
641 1618 656 1641 2
677 1615 832 1642 charibdim
852 1616 883 1642 F
900 1617 909 1650 11
932 1617 1048 1643 teneant
1068 1617 1236 1643 Masvicius:
1254 1617 1366 1643 teneam
1386 1618 1416 1644 F

163 1654 178 1676 3
198 1650 236 1677 ad
258 1659 282 1677 v.
308 1653 357 1677 687
386 1649 482 1677 Sicilia
510 1659 610 1685 graece
635 1651 768 1678 trinacria
788 1671 794 1678 .
815 1673 820 1678 .
843 1673 848 1678 .
869 1652 1066 1679 accedentibus
1091 1652 1203 1679 uidetur
1229 1653 1259 1678 in
1284 1661 1368 1687 mary.
1393 1653 1418 1679 T
1438 1671 1439 1685 1

162 1685 257 1720 graeci
276 1685 307 1712 F
333 1685 446 1712 Graecis
466 1685 570 1713 Daniel
583 1687 694 1720 primus
712 1688 721 1721 11
744 1689 760 1712 4
779 1696 858 1714 acras
878 1688 939 1713 FT
955 1689 965 1722 11
987 1687 1136 1722 pachinum
1157 1688 1218 1714 FT
1235 1689 1244 1722 11
1266 1691 1282 1714 5
1302 1689 1438 1724 austrum]

160 1721 236 1748 acria
253 1721 285 1754 T,
303 1722 349 1748 scd
367 1722 426 1748 ead.
445 1730 519 1749 man.
539 1721 598 1749 cria
611 1723 746 1756 expunxit
760 1725 785 1749 et
799 1724 905 1749 ustrum
920 1724 1120 1758 superscripsit.
1149 1724 1184 1757 cf.
1200 1724 1274 1750 Serv.
1290 1725 1327 1750 acl
1340 1732 1363 1750 v.
1380 1727 1439 1751 699.

1029 1773 1044 1792 s

162 1791 263 1819 atrium
284 1791 314 1818 F
339 1792 471 1826 Aryciam
490 1793 595 1820 Daniel
613 1793 759 1820 Graeciam
778 1793 934 1820 Dorvillius
951 1795 961 1828 11
979 1794 1065 1827 uertit
1087 1794 1112 1820 Τ
1136 1794 1222 1821 uertit
1241 1794 1272 1820 F
1282 1796 1292 1828 11
1306 1794 1439 1828 lilybeum

165 1827 201 1854 T.-
219 1827 294 1861 lybie
314 1836 377 1854 eum
397 1828 428 1854 F
454 1828 589 1862 Lybicum
608 1829 712 1855 Daniel
737 1829 901 1862 Lilybaeum
922 1830 1090 1862 Mas-cicius,
1108 1830 1290 1856 Burmannus
1303 1832 1313 1864 11
1327 1833 1342 1856 6
1362 1831 1439 1865 pelo-

161 1872 223 1890 rum
241 1863 276 1889 T:
294 1863 404 1897 plerum
420 1863 450 1890 F
461 1864 470 1896 ΙΙ
484 1864 520 1891 ab
535 1864 600 1891 sede
615 1872 664 1891 omi
684 1864 709 1890 T
719 1866 728 1898 11
743 1868 757 1890 7
773 1864 893 1891 adicitur
904 1865 939 1891 F.
956 1865 1104 1892 Schocllius
1123 1865 1224 1892 dicitur
1242 1866 1267 1891 T
1281 1866 1375 1899 agitur
1390 1866 1420 1892 F
1432 1866 1440 1900 1]

161 1907 224 1926 eum
237 1899 355 1926 Daniel:
370 1908 432 1926 cum
444 1899 474 1925 F
482 1899 507 1925 T
516 1900 526 1934 11
540 1903 556 1926 8
566 1901 682 1934 putetur
694 1900 723 1933 T,
739 1908 808 1927 corr.
822 1901 880 1927 ead.
892 1909 964 1927 man.
979 1901 988 1935 11
1002 1901 1191 1928 accidentibus
1202 1901 1232 1927 F
1243 1902 1252 1935 11
1267 1904 1282 1928 9
1293 1902 1330 1928 acl
1340 1902 1439 1928 missus

164 1934 245 1961 adest
261 1943 337 1969 supr.
356 1943 422 1962 vers.
443 1935 543 1962 missus
563 1935 659 1962 fauore
677 1936 822 1962 numinum
837 1936 883 1962 uel
897 1936 975 1963 iuxta
989 1936 1154 1970 qualitatem
1168 1937 1294 1963 locorum
1309 1937 1379 1964 dicit
1394 1937 1419 1963 T
1431 1938 1439 1971 11

165 1977 220 2003 que
239 1978 272 1996 ex
291 1969 339 2004 qui
358 1971 384 1996 L
413 1979 496 2004 quem
516 1971 553 1997 M
557 1971 600 1998 El
621 1972 631 2005 11
652 1980 736 2005 supra
755 1971 880 1998 anchises
900 1972 971 1998 ME
983 1972 993 2006 11
1007 1980 1024 1998 a
1042 1971 1095 1998 d-iis
1115 1973 1264 2006 optauerat
1282 1973 1317 1998 M
1323 1972 1389 2007 Εῑ11
1409 1977 1441 2000 10

164 2004 271 2039 dicens]
291 2007 323 2032 ut
338 2006 409 2032 ME
421 2008 430 2040 11
444 2006 570 2041 secundi]
593 2006 714 2033 ‘adesse’
730 2007 825 2034 autem
840 2008 882 2033 est
897 2007 933 2034 ad
948 2007 1071 2034 favorem
1086 2008 1131 2034 vel
1146 2008 1331 2042 patrocinium
1346 2008 1440 2035 venire

165 2041 228 2067 add.
244 2041 274 2067 D
287 2041 297 2074 11
312 2044 344 2068 12
364 2043 455 2068 artatc
470 2042 604 2076 Hayenus
617 2043 627 2076 11
643 2045 674 2068 13
690 2043 727 2068 acl
745 2042 809 2069 vivo
829 2051 894 2069 saxo
913 2051 988 2076 supr.
1007 2052 1074 2070 vers.
1094 2052 1144 2077 pro
1163 2043 1291 2070 uiuorum
1311 2052 1439 2070 saxorum

164 2075 314 2110 singularis
331 2086 383 2117 pro
401 2077 504 2111 plurali
524 2077 570 2104 uel
589 2077 656 2104 uiua
675 2086 742 2104 saxa
760 2078 906 2111 habentia,
930 2079 967 2105 ad
985 2079 1055 2105 ostia
1074 2079 1105 2105 in
1123 2087 1209 2113 mary.
1229 2079 1275 2105 uel
1293 2079 1377 2106 litora
1395 2079 1441 2106 nel

161 2111 252 2138 exitus
272 2111 350 2139 fluuii
369 2112 397 2139 in
417 2121 493 2140 mare
507 2113 554 2139 uel
568 2113 699 2140 introitus
715 2114 812 2147 portus
826 2114 851 2139 Τ
861 2115 870 2148 11
886 2117 918 2140 14
933 2123 1030 2140 nos-rm
1041 2113 1072 2140 F
1083 2115 1092 2148 11
1106 2116 1206 2149 88ιῖΐῶ
1217 2114 1247 2140 F
1258 2115 1268 2149 11
1282 2114 1355 2148 viva]
1372 2115 1440 2141 utua

162 2146 213 2180 Fu
234 2149 266 2173 15
285 2147 378 2175 hostia
397 2149 427 2174 F
438 2150 448 2183 11
466 2149 595 2175 fluminus
615 2148 646 2174 F
656 2150 666 2182 11
686 2152 716 2175 17
738 2147 893 2176 msa-Acus
914 2150 937 2176 0
962 2158 1130 2176 munnam:
1149 2150 1175 2176 L
1202 2158 1358 2176 nui-namn
1378 2151 1415 2176 M
1433 2154 1440 2183 1Ὶ

165 2182 274 2209 scilicet
293 2183 331 2209 M
334 2183 364 2209 E
386 2184 503 2217 (siciliae
523 2186 545 2217 e)
569 2185 578 2219 11
600 2184 754 2219 incederet]
774 2184 873 2211 flueret
892 2185 951 2212 FO
970 2186 979 2219 11
1004 2188 1036 2212 18
1055 2185 1217 2220 patitagyas
1238 2185 1262 2212 0
1286 2186 1440 2219 pantageas

164 2217 237 2243 ME
248 2218 258 2252 11
272 2218 352 2251 quasi
367 2220 521 2253 pantaenus
536 2220 597 2246 hab.
614 2219 643 2253 0,
663 2228 712 2247 om.
728 2220 839 2246 Daniel.
860 2219 1032 2255 παντηχήεις
1046 2221 1082 2247 F.
1097 2221 1247 2248 Schoellius
1260 2222 1269 2254 11
1284 2224 1315 2247 21
1332 2230 1438 2246 mizano

164 2252 194 2279 F
219 2262 341 2280 nmmos
361 2254 422 2281 CH
440 2256 450 2289 11
472 2264 587 2293 mageia
606 2264 619 2282 c
647 2264 758 2290 megare
777 2256 803 2281 L
823 2258 947 2290 (megara
966 2257 986 2290 l)
1006 2257 1016 2291 11
1035 2259 1067 2283 21
1087 2265 1143 2283 11011
1166 2257 1250 2291 longe
1269 2265 1286 2283 a
1304 2255 1439 2290 syracusis

163 2288 235 2315 ME
253 2288 342 2322 (iuxta
361 2289 498 2318 siracusas
517 2293 540 2324 e)
567 2292 577 2325 11
603 2300 724 2318 Twsvu
743 2291 802 2318 FO
826 2292 836 2325 11
864 2295 897 2318 22
916 2292 1032 2326 thapsus
1051 2291 1144 2319 insula
1163 2292 1187 2319 Ο
1212 2292 1304 2318 insula
1322 2291 1439 2325 thapsus

167 2323 218 2357 Fu
232 2323 352 2351 insulam
372 2325 398 2351 L
412 2326 422 2359 11
435 2326 513 2353 iuxta
531 2335 675 2360 syracusas
695 2327 766 2353 ME
777 2327 787 2361 11
801 2328 885 2361 plena
900 2327 943 2362 011
956 2331 990 2354 23
1009 2328 1076 2362 quia
1094 2327 1166 2354 unde
1186 2327 1259 2354 nosti
1278 2327 1441 2353 occurrebat

166 2359 238 2386 ΜΕ
264 2360 340 2394 (quia
363 2361 526 2389 coemebat
549 2362 621 2389 unde
646 2363 715 2389 haec
734 2362 797 2389 loca
812 2363 889 2390 hosti
906 2371 1040 2398 superscr.
1059 2365 1082 2397 e)
1101 2363 1164 2390 ideo
1183 2362 1357 2389 monstrabat
1375 2362 1438 2395 quia

168 2395 224 2422 iam
243 2395 283 2422 ibi
302 2396 452 2424 transierat
469 2397 557 2425 Lionc
576 2400 638 2425 teste
657 2398 793 2431 Guelferb.
815 2399 835 2424 I
847 2399 857 2433 11
871 2402 905 2425 24
923 2399 1010 2434 nosti]
1031 2398 1101 2426 scire
1120 2398 1236 2433 potuisti
1256 2397 1286 2424 F
1291 2397 1314 2424 G
