1630 2684
433 135 561 182 coum.
582 154 621 181 IN
640 154 748 182 veno.
768 153 850 181 AEN.
872 154 890 181 1.
911 158 1059 183 424—430.
1161 171 1164 175 ›
1315 157 1375 188 141

95 249 263 270 Beroen-ivr
283 239 319 269 ut
335 238 446 277 portas
470 236 583 268 scilicet
608 236 737 282 faciant.
784 238 811 268 et
838 246 904 268 vere
926 237 985 275 ait,
1012 247 1088 268 nam
1111 237 1378 279 Carthayinienses

95 289 228 322 Gethone
248 290 333 330 fossa
355 292 498 331 utuntur,
523 300 584 322 non
605 290 746 322 naturali
762 292 866 331 portu.
957 299 1051 322 ALTA
1072 300 1225 323 'meniu
1245 300 1377 324 FVNDA-

95 352 216 375 MENTA
239 343 315 375 hinc
337 343 448 375 futura
475 342 667 385 magnitudo
696 343 915 385 cognoscitur,
942 345 1023 384 quod
1050 343 1131 376 ‘alta
1157 345 1377 384 fundamenta’

96 397 152 428 ait.
191 396 262 428 bene
288 398 390 428 autem
414 399 487 437 post
513 407 561 428 res
583 396 726 437 publicas
751 397 952 437 privatasque
983 398 1170 429 necessarias
1196 399 1378 430 mentionem

93 450 167 489 fecit
197 449 324 487 theatri;
357 451 413 481 aut
444 450 518 490 quia
551 449 679 481 Graecis
710 450 783 482 urbs
816 450 970 489 conditur,
1002 451 1056 491 qui
1084 461 1172 492 saepe
1203 452 1379 492 spectaculis

92 504 240 544 yandent,
263 506 333 545 aut,
355 505 391 535 ut
412 504 498 544 apud
519 504 668 543 quosdam
688 503 763 544 fuit,
788 504 821 535 in
843 503 987 535 honorem
1010 505 1143 536 musicae
1165 505 1314 537 scientiae.

183 557 258 589 428.
296 569 345 589 σοι
353 569 449 589 vvas
479 557 612 597 fiqurate
644 556 834 589 columnas'
869 557 1006 589 decora'
1038 558 1100 596 ait;
1137 559 1265 590 diversis
1297 559 1378 590 enim

94 610 370 652 significationibus
388 611 469 642 idem
491 611 579 642 dixit.
615 613 644 642 et
665 610 703 642 ab
726 621 758 642 eo
781 611 862 651 quod
884 613 927 642 est
950 611 1005 643 hoc
1027 612 1115 643 decus
1138 612 1304 682 corripitur
1327 613 1376 644 de-

96 664 184 696 coris.

184 718 259 750 430.
297 730 403 754 orsus
423 719 508 758 APES]
538 718 612 749 ordo
639 720 683 749 est
706 717 824 758 qualis
853 717 964 749 labor’.
1055 727 1181 756 QVALIS
1205 727 1290 751 APES
1314 721 1378 750 ter-

96 771 164 804 tiae
183 771 410 803 declinationis
430 771 600 813 genetivus
619 771 755 812 pluralis
777 773 810 802 et
834 771 867 802 in
891 770 980 802 ‘ium'
1006 773 1038 802 et
1061 771 1095 802 in
1119 771 1195 803 ‘um'
1221 773 1300 813 exit,
1324 772 1379 804 sed

98 827 176 857 tunc
198 837 257 867 pro
280 826 393 857 nostro
413 825 549 857 arbitrio
574 835 647 856 cum
669 825 890 857 nominativus
910 825 1085 867 singularis
1110 824 1172 857 ‘ns’
1196 825 1295 857 fuerit
1317 827 1379 857 ter-

99 878 255 922 minatus,
278 881 314 911 ut
338 890 449 911 amans
474 880 506 910 et
530 880 698 910 amantum
723 879 756 910 et
779 878 959 910 amantium
982 878 1128 910 dicimus
1175 889 1247 910 cum
1271 881 1380 911 autem

97 932 316 965 nominativus
337 932 514 974 singularis
534 931 572 963 ‘r'
597 932 695 964 fuerit
713 932 917 973 terminatus,
936 933 1066 964 tantum
1086 932 1119 963 in
1143 931 1220 963 ‘um'
1245 932 1320 974 exit,
1344 935 1381 964 ut

97 987 190 1027 pater
212 987 355 1028 patrum,
379 997 525 1018 murmur
548 981 758 1030 murmurum.
788 985 915 1027 reliqua
938 996 1013 1017 vero
1033 985 1166 1017 nomina
1186 986 1377 1017 auctoritate

98 1038 279 1080 firmamus,
307 1040 344 1071 ut
372 1039 443 1081 apis
473 1039 524 1071 vel
553 1050 663 1081 apum,
694 1039 746 1071 vel
773 1033 891 1080 apium.
980 1049 1056 1071 sane
1081 1039 1190 1079 fabula
1213 1040 1249 1071 de
1271 1039 1381 1080 apibus

99 1092 172 1124 talis
191 1095 242 1125 est.
269 1094 355 1134 apud
373 1091 516 1125 Isthmon
536 1103 617 1125 anus
637 1093 788 1133 quaedam
808 1093 932 1124 nomine
945 1092 1077 1124 Melissa
1096 1093 1167 1132 fuit.
1199 1092 1278 1124 hanc
1293 1091 1381 1124 Ceres

44 1143 48 1146 ’
97 1156 256 1178 sacrorum
274 1157 402 1179 suorum
420 1158 489 1179 cum
507 1149 619 1179 secreta
637 1147 797 1188 docuisset,
817 1147 1019 1178 interminata
1039 1148 1094 1185 est,
1112 1157 1151 1178 ne
1173 1147 1223 1178 cui
1245 1157 1282 1177 ea
1304 1157 1381 1186 quae

97 1199 252 1232 didicisset
282 1201 431 1241 aperiret;
463 1202 517 1233 sed
548 1211 617 1233 cum
644 1201 687 1232 ad
715 1211 783 1232 eam
810 1200 952 1232 mulieres
978 1201 1185 1241 accessissent,
1217 1202 1253 1231 ut
1279 1200 1317 1231 ab
1345 1210 1381 1231 ea

5 1286 7 1288 .
37 1294 39 1296 v
92 1253 199 1294 primo
221 1253 439 1287 blandimentis
455 1257 528 1295 post
544 1255 687 1295 precibus
710 1257 738 1285 et
755 1254 907 1294 praemiis
925 1254 1077 1295 elicerent,
1101 1256 1136 1285 ut
1157 1254 1216 1291 sibi
1239 1265 1259 1285 a
1274 1253 1381 1286 Cerere

10 2112 20 2134 Q,
0 1563 22 2103 fflfflsswxymy-›aemw—v-www
0 1490 8 1543 »τὴ-

100 1307 262 1339 commissa
289 1308 488 1350 patefaceret,
520 1311 611 1348 atquc
630 1308 676 1339 -in
703 1307 825 1339 silentio
852 1308 1049 1348 perduraret,
1082 1307 1120 1339 ab
1147 1308 1257 1339 eisdem
1289 1308 1380 1339 iratis

100 1360 281 1393 mulieribus
311 1362 462 1402 discerpta
494 1364 545 1393 est.
590 1372 684 1402 quam
711 1372 776 1393 rem
803 1360 891 1393 Ceres
920 1361 1050 1393 inmissa
1078 1363 1142 1392 tam
1169 1371 1266 1402 supra
1293 1361 1381 1393 dictis

98 1414 225 1454 feminis
247 1425 341 1455 qaam
358 1416 474 1456 populo
497 1416 562 1447 eius
583 1416 717 1456 reyionis
734 1415 911 1456 pestilentia
934 1415 1001 1446 ulta
1024 1417 1082 1452 est‚·
1111 1415 1147 1448 de
1169 1425 1290 1455 corpore
1312 1425 1381 1446 vero

98 1467 246 1505 Melissae
259 1479 331 1508 apes
349 1470 436 1500 nasci
448 1469 526 1509 fecit.
555 1469 668 1500 Latine
682 1471 784 1500 autem
798 1467 937 1510 μέλισσα
951 1468 1021 1508 apis
1035 1468 1156 1500 dicitur.
1224 1477 1381 1500 AESTATE

61 1515 64 1517 ¹
98 1530 193 1553 NOVA
215 1522 391 1564 incipiente,
414 1525 449 1554 ut
471 1533 551 1554 vere
574 1533 672 1554 novo.
718 1525 746 1553 et
768 1522 850 1553 bene
875 1521 1002 1563 ³nova',
1031 1522 1107 1563 quia
1136 1524 1186 1553 est
1215 1523 1247 1553 et
1271 1522 1381 1553 adulta
1402 1543 1414 1550 -

100 1576 133 1606 et
161 1585 316 1616 praeceps
345 1576 517 1608 secundum
547 1575 749 1608 Sallustium.
843 1584 984 1607 FLOREA
1011 1586 1070 1616 pro
1098 1575 1226 1614 florida,
1254 1577 1291 1606 ut
1318 1586 1380 1607 ne-

100 1639 204 1674 mora
227 1628 329 1660 inter
352 1630 513 1662 frondea
536 1630 691 1662 turbam
713 1632 769 1661 aut
786 1629 942 1670 florentia,
960 1640 1014 1661 nec
1037 1629 1120 1661 enim
1142 1629 1178 1660 de
1195 1628 1271 1669 flore
1293 1631 1382 1660 erant

167 1738 201 1762 26
219 1735 346 1770 nemora]
367 1735 399 1763 A.
419 1735 430 1760 1
451 1738 499 1762 191
516 1736 573 1769 1126
593 1724 745 1761 secundum
766 1734 942 1769 Sallustium]
963 1734 1062 1768 fragm.
1082 1734 1135 1761 inc.
1157 1737 1190 1761 79
1210 1734 1296 1764 Kritz.

101 1833 187 1867 tales,
207 1833 256 1860 sed
274 1834 335 1860 arte
354 1834 383 1859 et
402 1841 486 1859 manu
506 1833 581 1859 facti
614 1834 658 1859 est
677 1833 770 1859 autem
790 1834 819 1859 et
837 1831 986 1859 masculini
1005 1833 1034 1858 et
1051 1831 1143 1858 neutri
1162 1832 1278 1866 generis.
1316 1840 1380 1857 nam

100 1869 131 1895 et
147 1868 194 1895 hic
212 1868 315 1896 oothon
334 1869 417 1895 huius
442 1869 571 1895 cothonis
595 1868 664 1895 facit
688 1869 717 1895 et
739 1869 792 1895 hoc
812 1864 962 1894 cothonum
981 1867 1063 1894 huius
1083 1867 1206 1894 cothoni.
1225 1867 1254 1893 D
1277 1868 1286 1900 ΙΙ
1310 1870 1325 1893 7
1345 1867 1382 1893 acl

102 1912 127 1931 v.
145 1906 197 1931 428
216 1904 335 1938 figurate
355 1904 498 1931 columnas
519 1904 621 1931 decora
640 1904 711 1936 alta,
730 1903 847 1930 diuersis
865 1904 940 1930 enim
959 1902 1211 1937 significationibus
1231 1923 1237 1929 .
1254 1924 1258 1928 .
1301 1903 1381 1929 deco-

102 1939 147 1967 ris.
174 1940 201 1966 P
223 1939 352 1974 (figurate
378 1961 384 1966 .
401 1960 428 1967 ..
453 1939 527 1966 enim
554 1940 632 1966 hodie
657 1940 711 1973 leyi
734 1947 791 1965 non
812 1940 939 1972 possunt)
962 1939 972 1971 ΙΙ
995 1938 1112 1971 figurate
1139 1938 1301 1972 columpnas
1329 1937 1375 1972 C

54 1974 56 1976 ’
102 1977 135 2002 10
154 1976 191 2003 ad
209 1984 233 2002 υ.
253 1978 305 2002 430
325 1975 422 2008 Qualis
442 1975 520 2010 apes]
545 1975 613 2002 ordo
639 1976 681 2001 est
706 1975 813 2008 ‘qualis
836 1974 942 2000 labor’.
981 1975 1096 2000 Aestate
1120 1974 1205 2008 noua]
1229 1973 1257 2000 id
1282 1975 1324 2000 est
1341 1973 1381 1999 in
1395 2003 1399 2006 ¹

100 2010 221 2044 cipiente
244 2011 300 2038 iam
326 2020 391 2038 uere
417 2019 498 2037 nouo.
536 2012 564 2037 et
583 2011 654 2037 bene
679 2018 752 2036 noua
778 2009 844 2043 quia
867 2011 910 2036 est
935 2010 1012 2039 aetas
1032 2011 1061 2035 et
1084 2009 1183 2035 adulta
1202 2010 1231 2035 et
1249 2017 1384 2049 praece-ps

99 2046 250 2073 secundum
269 2045 441 2073 Sallustium
479 2046 590 2081 Florea]
610 2045 722 2079 florida,
740 2047 772 2071 ut
791 2046 903 2072 floream
933 2053 1063 2071 eoronam
1083 2045 1214 2077 dicimus,
1240 2053 1289 2071 nec
1309 2044 1382 2070 enim

100 2081 135 2108 de
153 2081 220 2108 flore
240 2084 320 2109 erant
340 2083 421 2109 faeta.
460 2082 546 2116 Rura]
566 2089 666 2116 graece
687 2102 692 2107 .
709 2102 713 2107 .
731 2102 736 2107 .
758 2081 886 2107 latinum.
908 2081 941 2107 P.
979 2088 1012 2106 ex
1035 2080 1078 2106 his
1101 2080 1168 2106 ordo
1188 2081 1231 2106 est
1251 2101 1256 2106 .
1274 2102 1278 2106 .
1296 2101 1302 2106 .
1328 2079 1384 2106 iam

100 2119 125 2143 et
142 2118 175 2143 ut
192 2117 306 2144 floream
326 2126 457 2144 coronam
473 2117 591 2143 dicimus
606 2120 629 2143 et
644 2117 805 2151 aphaeresis
826 2137 831 2143 .
849 2138 854 2142 .
872 2138 877 2143 .
896 2115 1014 2142 latinum
1029 2114 1107 2142 hodie
1121 2116 1174 2149 leyi
1187 2124 1243 2142 non
1258 2118 1383 2149 possunt.

96 2160 151 2186 pro
170 2153 287 2179 dicimus
307 2154 459 2187 typothetae
478 2156 508 2178 ut
526 2153 635 2179 videtur
654 2161 743 2178 errore
762 2152 880 2178 dominis
899 2151 1004 2178 exhibet
1023 2151 1150 2177 Danielis
1170 2152 1260 2178 editio.
1284 2152 1294 2184 ΙΙ
1317 2160 1382 2184 qua-

102 2187 136 2214 lis
156 2188 243 2215 labor.
281 2189 330 2215 sed
348 2188 450 2215 tertiae
470 2188 666 2215 declinationis
687 2187 710 2213 0
730 2189 739 2221 ΙΙ
762 2197 856 2217 ρνᾼωε
877 2196 941 2213 Amas
963 2208 989 2213 ..
1007 2208 1012 2213 .
1033 2187 1128 2220 apium
1147 2195 1196 2213 om.
1215 2187 1243 2212 B
1266 2188 1275 2220 ῃ
1300 2190 1329 2212 11
1355 2187 1384 2212 in

101 2231 148 2250 um
167 2225 196 2250 et
214 2223 243 2250 in
261 2223 319 2250 ium
339 2224 407 2251 exiit
427 2224 449 2250 C
470 2225 479 2258 ΙΙ
504 2227 535 2250 12
556 2224 599 2258 ns]
626 2233 643 2249 n
663 2224 692 2249 et
710 2232 722 2249 s
742 2223 775 2249 H
794 2224 803 2257 ΙΙ
828 2226 859 2250 16
880 2222 953 2257 apis]
978 2230 1045 2256 apes
1065 2223 1090 2248 L
1112 2223 1121 2256 ss
1144 2223 1189 2249 uel
1214 2223 1309 2256 apium
1333 2230 1382 2248 om.

101 2258 125 2285 G
146 2259 157 2292 ΙΙ
178 2268 244 2286 sane
264 2259 310 2286 0²:
331 2259 391 2286 sine
411 2260 434 2286 Ο
450 2260 460 2293 ΙΙ
480 2262 511 2285 17
532 2259 586 2285 fuit
604 2258 680 2293 apud
701 2259 723 2284 Ο
742 2260 751 2293 {l
774 2258 910 2293 isthmon]
931 2266 946 2285 o
968 2257 1002 2283 Ο2
1020 2258 1051 2284 in
1071 2266 1171 2284 rasura
1189 2259 1198 2292 ΙΙ
1220 2258 1317 2284 melisa
1337 2257 1359 2282 C
1376 2257 1384 2291 ’ἶ

105 2313 137 2338 19
156 2320 189 2338 ea
209 2312 255 2339 0²:
283 2321 316 2339 eo
337 2312 359 2338 C
379 2314 389 2347 ΙΙ
412 2316 446 2339 20
466 2313 600 2339 elicerent
625 2312 659 2338 0²
683 2315 713 2338 ut
736 2312 858 2344 videtur,
885 2312 976 2345 spatio
1000 2321 1018 2338 a
1040 2312 1135 2344 prima
1158 2319 1242 2337 manu
1265 2311 1358 2336 relicto
1377 2317 1378 2320 ¹

103 2349 137 2373 22
155 2347 297 2382 discerpta
316 2348 362 2375 0²:
384 2348 525 2382 disceptra
545 2348 567 2374 C
591 2349 594 2382 Ι
620 2351 654 2374 23
674 2347 803 2374 melissae
824 2347 847 2373 C
858 2349 867 2381 ΙΙ
886 2350 920 2373 24
940 2355 1006 2381 apes
1027 2346 1073 2374 0²2
1094 2347 1168 2380 apud
1189 2346 1211 2372 C
1227 2347 1237 2379 n
1255 2345 1383 2379 μέλισσα]

105 2382 228 2410 mellissa
248 2382 271 2409 Ο
290 2385 300 2418 fl
323 2387 356 2410 25
378 2392 441 2411 uere
462 2383 508 2410 0²:
527 2392 595 2410 uera¹
615 2383 638 2410 0
658 2385 667 2417 ΙΙ
689 2386 724 2409 26
743 2392 793 2417 pro
813 2392 861 2410 om.
884 2383 906 2407 (Ι
924 2383 998 2416 (add.
1020 2382 1063 2417 0³)

1400 725 1431 748 10

1399 992 1431 1015 15

1399 1260 1433 1283 20
