1722 2670
468 125 582 153 COMM.
601 125 641 151 IN
659 125 767 153 VERG.
786 125 871 152 AEN.
890 125 937 154 ΙΙΙ.
959 128 1107 154 159-170.
1365 126 1430 158 373

147 206 320 239 Dardanus
348 209 381 239 et
403 206 505 239 Iasius
533 206 651 239 fratres
674 206 806 238 fuerunt
828 206 915 239 Iovis
936 209 965 239 et
986 207 1137 240 Electrae
1165 208 1239 241 filii:
1268 208 1325 241 sed
1348 209 1430 241 Dar-

149 261 252 293 danus
281 261 320 293 de
343 260 434 300 Iove,
461 260 566 292 Iasius
594 260 633 292 (10
657 259 801 302 Corytho
830 262 1018 302 procreatus
1047 253 1110 303 est,
1138 273 1158 294 a
1181 262 1271 294 cuius
1298 262 1429 294 nomine

149 316 182 347 et
204 325 298 346 mons
323 316 355 346 et
375 314 529 356 oppidum
547 324 664 346 nomen
685 314 818 357 aceepit.
851 315 967 355 postea
985 314 1105 346 Iasium
1125 315 1243 347 dicitur
1257 315 1429 347 Dardanus

149 367 313 400 occidisse.
348 367 383 399 hi
405 370 507 399 tamen
527 367 643 407 fratres
665 378 735 399 oum
758 378 795 399 ex
809 367 944 399 Etruria
960 368 1194 408 proposuissent
1211 369 1293 401 sedes
1310 371 1430 401 exteras

142 423 256 463 petere,
273 421 413 462 profecti.
445 423 474 452 et
491 420 665 453 Dardanus
683 421 805 461 quidem
829 423 986 453 eontracta
1007 421 1042 452 in
1059 421 1156 453 Troia
1178 421 1330 453 iuventute
1343 421 1428 453 Dar-

147 475 276 507 daniam
298 474 403 506 urbem
425 474 573 515 condidit,
596 484 617 506 a
635 485 698 515 qua
720 474 928 506 Troianorum
951 475 1036 515 oriyo
1059 475 1158 506 erevit.
1195 474 1303 507 Iasius
1326 477 1429 507 autem

147 527 396 560 Samothraciam
418 527 496 568 oepit
522 530 552 559 et
576 527 620 559 ibi
648 528 777 559 liberum
805 527 904 559 loeum
930 528 1059 568 imperio
1087 528 1192 560 tenuit.
1237 528 1297 560 alii
1323 529 1430 560 dieunt

146 584 310 622 utrumque
331 591 368 613 ex
391 579 536 623 Corytho,
559 581 645 613 Iovis
666 581 745 622 fili0,
770 583 948 621 procreatos
969 583 999 613 et
1018 582 1099 613 sieut
1119 582 1234 613 dietum
1257 584 1300 613 est
1321 582 1429 613 relicta

146 635 247 668 Italia
263 635 424 676 profectos.
451 635 504 666 sed
518 634 643 666 Iasium
656 634 906 666 Samothraciam
924 635 1053 675 imperio
1073 635 1215 677 tenuisse,
1238 634 1428 667 Dardanum

145 699 215 721 vero
237 689 274 720 in
295 688 469 729 Phryyiam
490 688 664 728 pervenisse
689 688 791 728 ibique
817 688 938 719 auxilio
965 688 1062 728 fuisse
1087 688 1215 727 Teucro,
1243 687 1431 721 Scamandri

145 742 226 783 filio,
248 742 303 783 qui
326 744 391 773 tum
412 742 566 783 finitimas
585 743 688 782 yentes
706 741 781 773 bello
799 741 968 782 subiyebat,
990 741 1150 782 filiamque
1168 742 1233 773 eius
1250 742 1374 773 duaisse
1395 742 1431 774 in

145 796 393 836 matrimonium,
416 797 445 827 et
457 797 528 836 post
542 797 669 827 mortem
686 795 781 827 soceri
798 805 926 836 reynum
944 795 1089 836 adeptum
1103 794 1306 827 Dardaniam
1322 795 1430 827 Troia-

145 846 222 881 nam
244 849 396 890 reqionem
418 848 458 880 ab
480 858 535 880 suo
558 849 681 880 nomine
703 849 882 890 appellasse.
923 848 1036 880 Graeci
1054 851 1084 880 et
1102 848 1202 880 Varro
1219 848 1431 880 humanarum

145 913 250 935 remim
272 902 464 934 Dardanum
485 912 549 933 non
571 912 610 933 esc
632 901 744 940 Italia,
768 902 821 934 sed
842 902 878 933 de
895 901 1049 943 Arcadia,
1072 901 1146 933 urbe
1168 901 1303 944 Pheneo,
1326 903 1430 934 oriun-

144 957 220 988 dum
242 956 364 993 daun&
387 955 446 987 alii
470 954 659 992 Oretensem;
682 955 741 986 alii
764 955 846 986 cirea
871 955 1000 986 Troiam
1023 957 1052 987 et
1073 955 1167 986 Idam
1190 957 1309 986 natum.
1354 965 1429 987 sane

137 1019 198 1051 per
214 1009 320 1050 patris
343 1009 578 1049 appellationem
601 1008 810 1049 eoqnationem
833 1006 1025 1050 (significat).

236 1062 308 1094 168.
344 1070 367 1093 A
387 1070 458 1100 Qvo
478 1070 641 1094 Pumcffn
665 1070 830 1094 nosrnvn
855 1073 874 1093 a
892 1061 1058 1102 Dardano,
1081 1072 1148 1093 11011
1168 1061 1209 1095 ab
1228 1061 1329 1103 Iasio3
1352 1073 1428 1094 nam

145 1115 301 1149 anteriori
324 1115 501 1157 respondit.
539 1115 623 1157 quod
646 1117 755 1147 autem
775 1115 854 1146 dicit
877 1114 908 1146 ‘a
923 1126 986 1156 quo
1001 1114 1146 1156 principe
1162 1125 1264 1156 genus
1279 1117 1428 1148 nostrum

145 1168 212 1201 est'
240 1170 350 1210 potest
377 1170 410 1200 et
433 1169 631 1210 generaliter
654 1168 817 1210 intellegi,
844 1169 880 1200 id
901 1170 945 1200 est
970 1167 1055 1200 unde
1085 1168 1244 1210 originem
1274 1169 1429 1211 ducimus,

145 1224 181 1254 ut
204 1222 281 1254 deos
304 1224 439 1263 penates
464 1222 558 1264 quasi
581 1221 742 1254 Troianos
766 1221 954 1262 intellegas,
984 1223 1017 1253 et
1039 1221 1080 1252 ad
1108 1221 1209 1253 ritum
1232 1222 1360 1264 referri,
1389 1223 1428 1254 de

144 1287 209 1318 quo
237 1275 316 1307 dicit
338 1275 447 1307 Labeo
476 1276 511 1307 in
538 1275 634 1307 libris
663 1275 718 1317 qui
747 1275 954 1316 appellantur
985 1274 1024 1306 de
1054 1275 1116 1306 diis
1151 1275 1362 1307 animalibus:
1394 1276 1429 1307 in

145 1329 262 1371 quibus
291 1329 351 1370 ait,
383 1340 453 1361 esse
481 1328 639 1370 quaedam
664 1339 756 1360 saera
780 1328 897 1370 quibus
922 1328 1049 1359 animae
1073 1328 1234 1360 humanae
1258 1330 1428 1361 vertantur

143 1383 179 1415 in
201 1383 292 1424 deos,
316 1382 372 1424 qui
395 1382 603 1424 appellantur
626 1382 799 1423 animales,
823 1381 907 1423 quod
931 1381 970 1414 de
989 1382 1107 1414 animis
1130 1382 1221 1414 fiant.
1257 1382 1293 1413 hi
1317 1384 1426 1414 autem

144 1437 220 1468 sunt
243 1435 289 1467 dii
311 1437 446 1476 penates
471 1437 503 1467 et
527 1436 637 1468 viales.

235 1489 307 1521 169.
344 1501 459 1521 Laws
480 1490 515 1521 id
535 1492 580 1522 est
597 1490 712 1521 omissa
731 1489 860 1521 tristitia
877 1498 972 1529 quam
989 1489 1026 1520 de
1042 1488 1133 1520 sociis
1153 1488 1281 1520 habebat
1294 1483 1427 1531 amissis,

143 1543 189 1575 vel
211 1543 286 1584 quia
309 1542 337 1574 ei
359 1543 535 1583 desiynatus
563 1542 715 1574 evidenter
740 1542 845 1582 ficerat
873 1541 967 1583 loeus,
995 1541 1038 1572 ad
1063 1551 1152 1581 quem
1179 1542 1246 1574 sine
1272 1552 1374 1574 errore
1400 1545 1429 1574 et

139 1606 264 1637 peryere
286 1598 315 1627 et
330 1597 491 1636 pervenire
512 1595 635 1627 deberet.

236 1649 308 1680 170.
345 1658 443 1681 nAvn
459 1657 668 1681 Dv131'rANDA
681 1657 794 1680 REFER
814 1650 871 1680 aut
890 1648 966 1689 quia
985 1647 1214 1680 dubitaverant
1233 1659 1270 1680 ex
1291 1649 1426 1681 consilio

143 1701 320 1744 Anchisae,
353 1704 410 1734 aut
438 1714 479 1734 ne
507 1704 641 1744 propter
669 1702 831 1734 somnium
860 1712 927 1734 non
957 1701 1132 1733 crederent.
1229 1714 1270 1734 HA
1278 1714 1313 1734 VD
1337 1715 1363 1734 D.
1387 1704 1424 1742 [1.]

143 1755 237 1788 *ideo
260 1756 379 1797 dieunt,
401 1757 430 1788 si
449 1756 530 1796 forte
551 1766 615 1788 non
637 1756 767 1788 erederet
788 1755 870 1796 quod
885 1765 944 1795 per
967 1754 1121 1786 somnium
1139 1754 1256 1794 vidit,*
1279 1757 1335 1786 aut
1351 1756 1426 1795 quia

143 1820 206 1842 non
223 1810 325 1850 dubie,
347 1812 383 1841 ut
396 1810 522 1851 Apollo,
545 1811 738 1841 monuerunt.
814 1817 1005 1840 oonr'rnvn
1029 1808 1179 1850 designat
1202 1810 1328 1849 partem
1351 1820 1424 1850 pro-

216 1901 229 1924 1
250 1897 397 1924 Dardanus
417 1918 423 1924 .
445 1918 450 1923 .
471 1919 476 1924 .
497 1878 643 1932 occidisse]
664 1905 750 1924 exscr.
770 1896 909 1930 mythogr.
930 1896 941 1921 I
962 1898 1012 1922 135

217 1981 230 2004 1
251 1976 303 2003 filii
321 1977 367 2004 uel
385 1978 417 2004 ut
435 1977 550 2011 quidam
568 1977 670 2004 uolunt
688 1976 842 2003 dardanum
862 1975 895 2002 de
914 1975 977 2002 ioue
996 1975 1097 2002 iasium
1117 1975 1151 2001 de
1166 1976 1314 2010 corythop
1316 1984 1425 2003 rocrea-

142 2015 204 2040 tum
223 2012 253 2039 F
268 2013 278 2047 ss
296 2015 312 2039 2
336 2012 424 2040 corito
444 2014 502 2040 Lm
529 2013 637 2040 corinto
657 2013 691 2039 H
715 2011 790 2039 corio
812 2011 849 2038 M
877 2011 974 2038 chorto
993 2011 1023 2037 E
1047 2012 1072 2047 (φ
1074 2011 1167 2038 horito
1186 2012 1212 2045 e)
1231 2012 1240 2045 ΙΙ
1259 2011 1287 2052 a]
1296 1985 1342 2038 pde
1362 2011 1413 2046 Fu

143 2052 159 2076 5
179 2048 333 2075 dardanum
351 2048 388 2082 F,
412 2057 481 2076 corr.
501 2049 605 2075 Daniel
627 2049 637 2082 ΙΙ
661 2051 675 2075 7
696 2047 789 2082 coepit
809 2047 839 2073 F
859 2047 868 2081 ΙΙ
893 2050 926 2074 10
949 2019 1072 2073 10110100φ
1079 2046 1110 2073 F
1129 2047 1139 2081 ss
1163 2049 1195 2073 11
1219 2046 1346 2074 finiamus
1365 2047 1396 2073 F
1416 2047 1426 2083 Η

142 2084 219 2111 bella
238 2083 269 2110 F
294 2084 305 2118 ΙΙ
333 2087 364 2111 13
380 2069 471 2111 ’Varro
491 2085 564 2111 Rersi
590 2084 735 2111 humanat.
759 2082 920 2109 Dardanum
943 2090 1000 2109 non
1023 2090 1056 2108 ex
1074 2082 1158 2109 Italia
1181 2082 1230 2109 sed
1253 2091 1287 2109 ex
1304 2082 1426 2110 Arcadia

143 2120 211 2147 urbe
229 2119 335 2146 Phineo
354 2119 502 2147 oriundum
521 2119 590 2146 dicit
604 2120 729 2146 Ambros
744 2120 754 2153 u
769 2121 801 2145 17
821 2126 838 2144 a
852 2118 983 2145 Dardano
1002 2126 1059 2145 non
1078 2118 1114 2144 ab
1127 2117 1214 2153 Iasio]
1234 2118 1287 2145 hoc
1307 2119 1350 2145 est
1368 2127 1425 2145 non

143 2155 179 2182 ab
197 2155 267 2182 iasio
286 2155 335 2181 sed
353 2164 370 2182 a
388 2155 512 2183 dardano
532 2155 563 2182 F
573 2156 583 2190 ΙΙ
603 2158 635 2182 18
654 2154 805 2189 respondet
825 2154 896 2180 ΜΕ
907 2155 917 2188 ΙΙ
938 2156 970 2181 19
989 2154 1083 2188 potest
1100 2154 1197 2181 tamen
1214 2154 1319 2181 Daniel
1333 2155 1342 2188 ΙΙ
1356 2154 1423 2181 (1101-

144 2217 204 2235 mus
226 2208 257 2234 F
286 2196 410 2235 decimus
429 2210 486 2243 ΗΙ
481 2211 491 2243 ΙΙ
518 2212 550 2236 21
576 2208 618 2235 dis
638 2209 671 2234 H
694 2209 704 2242 ΙΙ
731 2206 911 2242 animalibus]
937 2206 1038 2241 quibus
1057 2206 1136 2241 origo
1156 2207 1286 2234 animalis
1307 2208 1349 2233 est
1369 2207 1399 2233 F
1414 2207 1423 2242 Η

144 2247 179 2270 24
197 2244 306 2277 uinules
327 2245 363 2271 M
375 2245 436 2278 1126
477 2253 513 2272 ua
532 2244 558 2271 01
577 2244 739 2278 designatur
759 2243 794 2278 F,
819 2251 888 2270 corr.
908 2243 1012 2270 Daniel
1025 2244 1034 2277 ΙΙ
1053 2251 1119 2269 sane
1139 2242 1170 2269 F
1181 2244 1190 2277 ΙΙ
1204 2246 1238 2270 28
1257 2253 1341 2269 kmi-:R
1359 2243 1422 2269 ideo

143 2272 264 2306 dieunt.
313 2301 318 2307 .
338 2279 410 2306 uidit
428 2289 463 2307 au
495 2280 562 2314 quia
579 2279 779 2306 dubitauerunt
798 2287 820 2306 e.
841 2288 868 2313 q.
888 2287 908 2304 0.
929 2278 960 2304 F
975 2279 985 2312 ΙΙ
1007 2278 1052 2314 ex]
1073 2278 1107 2305 (10
1124 2279 1206 2312 1114190
1224 2280 1234 2312 ΙΙ
1256 2282 1288 2305 31
1309 2286 1422 2304 111011110-

143 2316 209 2341 runt
226 2315 338 2349 scripsi:
357 2317 504 2343 mouerunt
522 2316 564 2342 F·
577 2316 716 2343 noverunt
734 2315 839 2342 Daniel
853 2314 963 2348 primus
985 2315 995 2349 fl
1020 2324 1141 2341 COBYTVM
1160 2313 1191 2340 F
1207 2323 1341 2340 comruvn
1360 2314 1426 2339 LH

143 2360 257 2378 comi-vu
278 2351 348 2377 ME
359 2351 369 2385 ΙΙ
383 2351 530 2386 designant
548 2352 653 2378 Daniel
666 2351 785 2385 primus.
813 2351 884 2378 idem
903 2349 1046 2377 civitatem
1065 2358 1099 2377 ne
1119 2350 1225 2376 erraret
1243 2350 1271 2376 et
1290 2349 1400 2376 addidit

1451 695 1484 719 10

1450 961 1482 985 15

1448 1228 1482 1251 20

1446 1494 1480 1519 25

1445 1762 1479 1785 30
