1630 2684
448 164 562 192 COMM.
581 165 622 191 IN
641 159 748 192 VERG.
767 165 851 192 AEN.
870 166 903 193 11.
923 169 1073 194 277-292.
1331 168 1395 199 267

53 282 57 284 <
205 245 280 278 286.
317 253 498 277 FOEDAVIT
527 246 722 288 cruentavit,
749 248 787 279 ut
814 244 922 289 (502)
951 248 1140 289 sanguine
1168 249 1397 282 foedantem.

117 301 151 332 et
171 299 254 332 bene
276 299 458 341 permansit
481 299 515 330 in
537 299 767 341 translatione,
790 300 867 342 quia
890 311 987 342 supra
1006 300 1132 333 dixerat
1156 301 1190 334 ‘o
1214 302 1301 334 lux':
1325 303 1396 335 ideo

117 354 150 386 et
173 351 346 394 ‘serenos',
368 352 441 384 ideo
465 353 498 384 et
523 351 712 384 'foedavit’2
735 364 813 385 nam
837 352 1013 385 Sallustius
1038 354 1076 386 de
1099 355 1241 387 nubibus
1265 356 1396 387 foeda-

116 417 205 439 vere
227 406 366 438 lumen.

205 460 279 492 287.
315 468 396 491 ILLE
418 468 519 491 NIHIL
542 459 667 492 scilieet
696 460 736 492 ad
760 460 976 502 interrogata:
1004 461 1158 503 pleraque
1187 462 1273 494 enim
1297 463 1396 494 verba
1415 470 1430 492 5

117 523 156 545 ex
177 513 320 555 negotiis
344 512 506 554 accipiunt
530 513 813 555 significationem.
904 523 1000 546 VANA
1022 513 1116 547 ffflsa.

30 602 50 613 ἑ
205 566 279 599 288.
317 574 470 598 GEMlTvs
502 576 563 598 nee
596 566 681 598 enim
714 578 833 608 parvus
867 567 959 599 dolor
993 569 1043 600 est
1074 568 1143 600 viro
1171 568 1250 600 forti
1278 569 1397 601 fortem

118 619 222 652 virum
248 619 361 662 fugam
389 619 532 652 suadere.
584 621 617 651 et
643 622 736 662 nota,
764 632 875 653 omnes
904 621 1070 653 suasoriae
1096 623 1207 663 partes
1234 622 1296 654 hoc
1324 623 1396 655 loeo

117 671 285 705 contineri.

205 726 279 759 289.
315 734 410 758 nvem
434 734 529 758 NATE
553 735 626 758 ΒΕΑ
648 727 832 768 propositio
856 729 915 759 est.
999 737 1103 759 Enim
1128 737 1283 761 FLAMms
1307 729 1396 761 utile.
1418 737 1449 759 10

207 788 264 812 ms
288 781 396 812 autem
421 780 598 819 δεικτικῶς.

207 833 282 865 290.
318 847 337 866 A
359 846 491 866 enmus-
510 833 556 865 vel
578 844 600 865 a
622 834 772 875 dionitate
793 844 866 876 sua,
889 835 934 866 vel
956 845 1024 867 vere
1046 845 1067 866 a
1089 835 1234 877 eulmine,
1257 836 1292 867 id
1313 838 1356 868 est
1377 847 1398 867 a

118 887 200 919 tectis
225 886 309 919 suis:
341 888 370 918 et
395 887 462 918 ideo
488 886 627 918 eulmina
653 887 735 919 diota
763 890 837 920 sunt
864 890 954 930 tecta,
984 888 1060 928 quia
1091 890 1202 920 veteres
1233 889 1269 920 de
1299 889 1397 921 culmo
1438 913 1440 915 >

117 940 259 981 aedificia
281 939 481 981 conteqebant.

206 993 280 1025 291.
317 1001 380 1026 SA'r
408 1002 556 1026 PATRIAE
583 1003 786 1032 PRIAMOQVE
816 1003 939 1026 DATVM
967 994 1153 1027 honestum:
1181 1006 1256 1027 nam
1285 997 1399 1028 contra
1420 1003 1451 1026 15

117 1047 188 1080 fata
209 1047 319 1079 venire
348 1048 476 1078 constat
502 1047 665 1079 neminem
693 1058 797 1089 pos-se.
888 1060 944 1080 SAT
964 1061 1091 1080 PATRJAE
1109 1061 1278 1085 PRIAMOQVE
1297 1062 1401 1082 DATVM

116 1101 163 1134 vel
183 1110 341 1143 reynasse:
363 1101 409 1132 vel
430 1103 482 1133 sat
496 1112 558 1142 pro
575 1102 686 1142 patria
708 1104 738 1133 et
758 1101 889 1133 Priamo
912 1102 1063 1134 militasti.

31 1198 33 1200 q
205 1154 280 1187 292.
316 1162 426 1186 mnu
459 1140 554 1186 ὦτί
587 1154 806 1196 distinguam,
838 1156 875 1186 ut
908 1155 950 1186 sit
984 1154 1130 1197 <admon
1163 1157 1200 1187 ut
1232 1155 1283 1196 <V
1311 1156 1397 1197 485>

65 1216 71 1217 ⁷
116 1208 228 1241 etiam
263 1218 408 1249 currus,
446 1208 563 1240 etiam
602 1219 706 1240 arma
742 1210 954 1240 tenentem:
985 1208 1164 1249 intelleyunt
1197 1209 1292 1251 enim,
1329 1219 1398 1241 eum

117 1261 269 1294 ostendere
290 1261 432 1301 voluisse,
458 1262 587 1294 Troiam
609 1262 763 1294 voluntate
781 1262 889 1293 divina
907 1265 985 1294 certo
1004 1264 1134 1302 tempore
1153 1272 1214 1294 esse
1233 1262 1396 1303 defensam,
1417 1270 1450 1293 20

117 1318 146 1347 et
173 1325 269 1356 nuno,
295 1315 324 1347 si
349 1315 480 1347 salutem
508 1318 605 1347 tenere
625 1326 685 1356 per
714 1315 785 1355 fata
813 1315 972 1356 potuisset,
1005 1316 1105 1355 ipsius
1131 1326 1247 1356 quoque
1276 1317 1398 1348 dextera

111 1369 248 1411 potuisse
270 1368 407 1408 defendi.-
431 1369 487 1401 sed
510 1369 626 1400 melius
651 1371 702 1401 est
726 1368 843 1400 ‘etiam
862 1367 948 1410 hae’,
972 1370 1008 1400 ut
1032 1371 1065 1400 et
1088 1369 1251 1410 particeps
1273 1370 1397 1411 gloriae

189 1478 205 1502 3
226 1474 389 1510 Sallustius]
416 1474 481 1503 hist.
500 1475 600 1509 fragm.
619 1475 672 1502 inc.
693 1477 726 1501 73
746 1474 792 1502 Kr.
816 1475 826 1509 ΙΙ
850 1477 882 1501 18
901 1474 995 1501 Etiam
1013 1474 1096 1501 multi
1116 1496 1121 1502 .
1138 1496 1143 1501 .
1161 1495 1166 1501 .
1186 1474 1341 1509 tenentem]
1362 1475 1397 1502 ef.

117 1510 188 1538 Don.
207 1510 244 1538 ad
262 1510 324 1537 Ter.
343 1509 430 1537 Andr.
449 1510 489 1537 III
508 1513 534 1544 2,
553 1513 587 1537 23

191 1611 206 1635 1
225 1617 367 1635 mumma
385 1608 416 1635 Η
429 1609 439 1642 ΙΙ
451 1609 485 1635 ut
502 1616 552 1635 om.
569 1608 613 1642 011
627 1608 793 1643 sanguinem
808 1608 967 1635 foedantem
982 1616 1052 1642 quos
1066 1608 1126 1642 ipse
1140 1609 1300 1635 saerauerat
1318 1608 1398 1643 ignes

119 1644 143 1671 G
161 1645 172 1678 ΙΙ
193 1643 336 1671 feda-ntem
354 1644 381 1670 L
406 1644 548 1671 fedentem
573 1644 608 1670 H
626 1644 636 1678 ΙΙ
659 1647 674 1670 2
693 1644 849 1678 permansit
872 1644 942 1670 bene
967 1644 990 1671 0
1011 1645 1020 1678 Ι]
1043 1643 1107 1670 ideo
1131 1651 1181 1670 om.
1201 1643 1228 1670 L
1252 1644 1326 1676 (add.
1347 1645 1367 1677 1)
1391 1646 1399 1671 Ἴ

122 1683 138 1707 3
156 1680 281 1715 serenos]
301 1680 396 1706 uultus
415 1679 562 1714 praemisit
580 1680 644 1706 add.
663 1679 694 1705 E
705 1680 715 1713 ΙΙ
729 1678 838 1706 sedauit
851 1680 886 1705 H
895 1680 905 1713 ss
918 1679 1048 1706 fedauere
1064 1679 1096 1705 H
1107 1680 1116 1713 ΙΙ
1131 1682 1146 1705 5
1166 1680 1204 1706 ad
1217 1688 1240 1705 v.
1257 1682 1397 1706 287-289

119 1714 180 1742 Ille.
198 1715 287 1742 Vana.
307 1715 411 1742 Hostis.
433 1715 460 1741 P
472 1716 482 1749 ΙΙ
495 1715 581 1742 verba
599 1723 648 1742 om.
669 1715 694 1741 L
708 1716 717 1749 ΙΙ
733 1718 747 1741 7
766 1723 818 1742 nee
837 1715 911 1742 enim
931 1737 936 1742 .
954 1736 959 1741 .
976 1736 981 1742 .
1001 1714 1104 1749 virum]
1125 1715 1173 1748 qui
1187 1714 1264 1748 (quia
1278 1715 1324 1749 0²)
1342 1723 1398 1741 non

121 1752 164 1778 est
181 1759 285 1785 paruus
303 1750 384 1777 dolor
402 1750 494 1777 uirum
512 1750 614 1777 fortem
633 1750 694 1777 uiro
713 1750 779 1777 forti
800 1750 823 1777 0
843 1751 853 1784 n
875 1750 966 1777 uirum
984 1750 1086 1777 fortem
1106 1751 1142 1776 M
1163 1751 1173 1784 ΙΙ
1196 1752 1212 1776 8
1231 1750 1398 1784 persuadere

122 1786 159 1813 M
170 1786 180 1820 Η
194 1787 223 1813 et
240 1786 396 1813 notandum
412 1786 435 1812 Ο
445 1787 455 1820 ΙΙ
469 1789 485 1812 9
500 1786 649 1821 contineri]
665 1786 787 1820 quinque
802 1786 876 1813 enim
889 1785 1025 1813 materiae
1040 1786 1134 1820 partes
1147 1786 1224 1812 sunt:
1243 1785 1398 1819 propositio

120 1821 189 1848 utile
208 1821 358 1849 honestum
375 1822 562 1848 necessarium
580 1821 714 1856 possibile
731 1821 778 1848 hie
797 1821 974 1848 continentur
992 1822 1024 1848 in
1042 1829 1127 1855 mai-9.
1146 1821 1209 1848 add.
1230 1821 1262 1854 ῖΙΙ
1278 1824 1310 1847 10
1328 1831 1398 1847 1*an

118 1865 187 1884 nm:
210 1866 264 1884 mu
288 1878 294 1884 .
310 1878 337 1885 ..
363 1857 495 1884 militasti
518 1858 578 1891 (lin.
601 1857 655 1892 17)]
681 1857 823 1890 quaeritur
846 1857 919 1884 enim
944 1866 979 1883 au
1003 1857 1093 1891 possit
1114 1857 1179 1883 nate
1203 1856 1256 1882 dea
1280 1857 1307 1883 et
1331 1855 1397 1890 fuge

119 1893 187 1920 nate
205 1892 260 1920 dea.
279 1893 435 1934 propositio
456 1893 499 1919 est
522 1901 558 1919 an
576 1892 646 1919 ntile
665 1892 742 1926 eripe
761 1892 880 1919 flammis
903 1892 946 1918 his
971 1894 1065 1918 autem
1084 1892 1200 1918 dieticos
1219 1900 1254 1917 an
1273 1899 1397 1918 necessa-

120 1927 193 1955 rium
210 1928 302 1955 hostis
321 1928 407 1955 habet
430 1936 523 1955 muros
547 1936 583 1954 an
605 1928 755 1955 honestum
779 1936 859 1955 saera
882 1936 999 1961 suosque
1022 1927 1076 1954 tibi
1099 1936 1122 1953 e.
1141 1929 1161 1954 t.
1181 1936 1208 1961 p.
1246 1937 1262 1953 A
1282 1936 1398 1953 cvmnm:

143 1986 150 1992 .
165 1984 171 1990 .
191 1963 379 1999 contegebant
398 1973 445 1990 sA‘r
464 1972 576 1990 mmmm
595 1973 748 1993 PmAuoovn
766 1973 856 1990 DATVM
875 1971 938 1990 ecee
958 1965 987 1990 et
1009 1963 1062 1989 hoc
1080 1963 1230 1989 honestum
1248 1971 1314 1989 nam
1333 1970 1397 1989 eon-

120 1999 165 2026 tra
182 1999 241 2026 fata
258 1999 353 2026 uenire
374 2000 484 2026 constat
502 1999 642 2026 neminem
661 2007 743 2040 posse
763 2007 829 2033 ergo
849 1999 894 2025 sat
916 1998 1024 2032 patriae
1047 1998 1211 2032 priamoque
1236 1998 1333 2025 datum
1351 1998 1398 2024 uel

122 2042 263 2097 {35322‘351
273 2035 324 2097 ¹22}
338 2034 565 2097 amatim?
580 2036 615 2096 ἓὲ
626 2042 735 2096 *iffi
747 2034 888 2103 ffistaffi.
897 2034 932 2096 13
943 2033 1144 2096 ''affiepi'itffii
1155 2033 1398 2103 ffllssizffffssffi

121 2105 259 2140 dignitate
278 2114 342 2140 sua,
361 2105 407 2133 uel
427 2105 466 2139 (id
485 2106 538 2139 est)
562 2114 579 2132 a
602 2106 686 2132 tectis
710 2105 779 2138 suis;
803 2113 867 2131 nam
891 2105 956 2132 ideo
979 2104 1103 2131 eulmina
1125 2104 1202 2131 dicta.
1219 2105 1308 2138 tecta,
1332 2105 1398 2138 quia

119 2142 213 2174 (quae)
231 2142 341 2168 ueteres
360 2141 394 2168 de
414 2141 507 2168 culmo
526 2140 656 2168 aedificia
674 2140 824 2175 (aedificio)
842 2140 1036 2175 protegebant.
1059 2140 1087 2166 P
1098 2141 1107 2174 ss
1127 2139 1225 2166 atettis
1244 2148 1277 2167 ea·
1295 2139 1398 2166 atextis

123 2176 167 2211 011
181 2180 215 2203 1⁷
234 2177 378 2212 regnasse]
400 2177 465 2203 ‘hoc
487 2177 555 2203 dicit
574 2177 789 2209 Grammaticus,
809 2178 858 2203 aut
878 2176 1088 2210 “regnavisse’'
1109 2183 1163 2202 esse
1181 2176 1347 2208 addendum,
1367 2178 1399 2201 ut

122 2212 255 2239 sententia
277 2213 326 2246 sit,
349 2213 418 2239 satis
440 2213 604 2239 diutwmum
626 2212 688 2245 fata
713 2212 827 2238 Priamo
855 2214 880 2238 et
903 2212 1020 2245 patriae·
1036 2212 1180 2245 imperium
1204 2213 1397 2242 concesserunt,

122 2249 171 2273 aut
189 2248 226 2274 ad
243 2248 333 2282 ipswm
351 2248 471 2275 Aeneam
489 2248 554 2274 haec
576 2248 718 2281 referenda
741 2255 807 2279 esse,
832 2249 863 2273 ut
885 2247 1019 2274 sententia
1036 2247 1085 2274 sit:
1108 2249 1139 2273 tu
1160 2247 1318 2279 satisfecisti
1335 2247 1397 2278 offi-

122 2282 186 2315 ciis,
203 2291 272 2317 quae
293 2283 405 2310 Pn'amo
424 2286 449 2310 et
462 2284 575 2317 patriae
593 2283 720 2310 debebas'
741 2283 878 2317 Berykius
897 2283 1046 2309 adnotavit.
1075 2282 1120 2309 vel
1134 2290 1264 2316 regnasse
1280 2281 1323 2307 vel
1337 2282 1396 2307 secl.

124 2317 160 2345 F.
180 2317 335 2345 Schoellius.
363 2319 478 2352 fortasse
496 2319 541 2345 vel
560 2318 640 2353 regni
659 2318 733 2345 satis.
749 2319 759 2352 ΙΙ
772 2318 812 2353 et]
833 2319 876 2345 est
890 2318 1037 2352 Scioppius
1055 2318 1174 2344 enotavit
1187 2317 1216 2343 id
1231 2318 1274 2343 est
1289 2317 1395 2342 Masvi-

123 2353 196 2415 effi
205 2354 215 2388 fl
236 2353 374 2416 militassg
391 2354 538 2389 Scioppius
557 2355 675 2381 enotavit
697 2355 707 2389 ΙΙ
731 2357 763 2381 18
783 2354 865 2380 multi
888 2354 934 2381 hie
956 2353 1132 2388 distinguunt
1149 2353 1179 2379 E
1200 2354 1209 2386 11
1232 2355 1265 2378 22
1290 2353 1318 2378 et
1336 2354 1397 2378 ante

122 2397 141 2423 p
197 2396 261 2424 cepe
279 2397 329 2416 om.
