1630 2684
464 183 578 212 COMM.
597 185 638 212 IN
655 184 763 213 VERG.
782 185 867 212 AEN.
886 185 920 213 11.
940 189 1089 214 223—243.
1354 186 1419 217 259

141 278 223 299 orm·
236 276 298 307 pro
320 266 530 308 accinyuntur.
575 264 764 298 *Terentius
786 266 974 299 Phormione
996 268 1222 309 accinyerff
1299 277 1420 300 ACCIN-

139 328 234 352 GVNT
259 329 364 352 OPERI
387 321 584 362 praeparant
607 331 641 351 se
668 319 709 351 ad
733 331 823 362 opus.

229 373 303 405 237.
344 382 551 405 INTENDVNT
582 373 702 415 ligant,
732 375 770 405 ut
799 373 867 414 <IV
899 373 985 415 506>
1016 374 1265 416 intenditque
1294 375 1419 407 locum

138 425 267 458 sertis.
363 434 513 458 SCANDIT
546 426 748 458 transcendit
781 426 914 468 propria
948 427 1181 468 magnitudine.
1226 428 1272 459 vel
1294 431 1421 468 propter

136 489 287 520 aggerem,
314 489 403 520 quem
430 480 527 511 ruina
551 479 666 519 fecerat
694 480 787 512 muri.
878 489 1027 512 FATAms
1056 480 1233 512 mortifera.
1325 494 1423 514 »meos
1440 489 1455 511 5

136 533 248 565 minas
270 543 430 564 murorum
453 533 637 565 dirutorum.

228 586 303 618 238.
340 598 414 618 mu
437 596 522 618 nune
537 586 647 633 plena,
670 589 706 618 ut
728 587 763 618 in
793 586 934 618 bucolicis
958 586 993 628 <1
1013 587 1078 628 49>
1102 587 1332 628 temptabunt
1352 598 1421 628 pa-

137 638 222 670 bula
238 639 350 680 fetas,
368 639 451 671 alias
468 640 561 671 enixa
579 640 658 681 iam,
677 642 712 671 ut
729 639 833 680 <VIII
852 640 938 682 630>
955 640 1095 680 fecerat
1112 643 1145 672 et
1161 641 1280 672 viridi
1296 641 1420 681 fetam.

225 705 318 725 ι’νειιι
329 705 437 725 emen!
449 706 504 725 miv
509 706 615 729 veum
622 706 658 725 γε
671 706 806 726 PVELLAE
823 703 906 725 more
919 693 1072 736 Romano,
1081 694 1217 734 patrimi
1230 696 1259 726 et
1271 695 1421 726 matrimi.

226 746 300 777 239.
342 755 451 778 SACRA
482 743 623 779 CANVNT
654 746 794 789 hymnos
825 747 946 779 dicunt.
1048 761 1188 780 GAVDENT
1215 748 1343 788 quidam
1372 748 1422 779 hic
1442 756 1474 778 10

138 798 303 840 ‘yaudent'
321 810 382 840 pro
405 802 514 840 optant
534 800 726 842 intelleyunt,
749 803 785 832 ut
802 801 928 832 veniat
949 811 1017 840 quo
1043 803 1073 832 te
1095 810 1234 841 quoque
1253 802 1398 841 yaudet.

226 852 300 884 240.
336 861 467 885 MINANS
491 853 543 884 vel
568 853 726 895 eminens,
755 855 791 885 ut
815 852 883 894 <IV
908 854 971 894 88>
995 853 1198 895 minaeque
1227 865 1421 886 murorum

136 906 321 946 inqentes3
345 906 398 938 vel
421 906 585 938 minitans.

225 960 300 991 241.
337 968 359 991 ο
383 969 511 991 PATRIA
534 971 646 992 versus
669 960 848 992 Ennianus.
887 971 966 992 sane
989 961 1183 992 exclamatio
1208 972 1246 993 eo
1270 962 1421 1003 pertinet,

138 1012 224 1054 quod
255 1014 350 1044 tanta
382 1013 490 1044 fuerat
522 1013 571 1044 vis
603 1013 855 1045 consecrationis
884 1014 918 1045 in
944 1016 1038 1054 porta
1069 1014 1222 1053 Troiana,
1254 1016 1292 1046 ut
1322 1014 1421 1046 etiam
1442 1021 1474 1044 15

78 1071 81 1074 ⁴
138 1068 214 1108 post
231 1066 492 1108 profanationem
512 1066 552 1098 ab
573 1066 723 1108 ingressu
741 1066 852 1099 hostes
879 1069 1012 1099 vetaret.
1040 1078 1118 1098 nam
1137 1067 1286 1099 novimus
1304 1068 1436 1108 inteyro'

137 1119 286 1161 sepulcro
305 1119 550 1161 Laomedontis,
570 1120 654 1162 quod
675 1130 771 1161 super
789 1121 918 1161 portam
938 1119 1071 1152 Scaeam
1090 1120 1209 1162 fuerat,
1228 1122 1301 1152 tuta
1320 1121 1421 1153 fuisse

137 1173 206 1205 fata
229 1173 380 1205 Troiana.
449 1186 548 1206 DIVVM
568 1186 668 1205 [murs
689 1173 734 1205 vel
756 1174 838 1213 quod
859 1174 924 1205 eius
947 1184 1052 1205 muros
1074 1173 1187 1213 Apollo
1210 1176 1238 1205 et
1256 1174 1421 1214 Neptunus

135 1225 376 1266 fabricaverunt,
399 1226 454 1258 ubi
476 1227 569 1258 etiam
592 1227 740 1258 Minerva
757 1237 816 1266 per
839 1226 1021 1258 Palladium
1044 1226 1126 1258 culta
1149 1228 1209 1258 est:
1232 1227 1278 1258 vel
1297 1230 1422 1267 propter

138 1278 359 1321 Ganymedem,
380 1279 584 1321 Dardanum,
606 1280 781 1312 Tithonum.
849 1288 995 1311 mcmTA
1018 1287 1134 1311 BELLO
1160 1279 1236 1321 quia
1255 1280 1422 1321 superavit
1440 1288 1474 1311 20

126 1331 277 1374 ·Mysiam
301 1334 416 1365 totam.
918 1367 937 1380 .

226 1386 301 1418 242.
339 1395 479 1424 QVATER
508 1386 646 1427 saepius.
742 1398 775 1418 nv
793 1383 898 1418 imme
915 1398 1027 1418 PORTAE
1047 1385 1097 1417 hie
1118 1388 1244 1426 portam
1266 1396 1327 1427 pro
1354 1386 1421 1426 ipso

137 1440 226 1471 aditu
243 1441 365 1480 posuit;
388 1451 464 1472 nam
486 1441 568 1481 quod
584 1440 631 1472 ait
649 1439 788 1471 ‘limine'
813 1439 1012 1479 manifestum
1030 1441 1074 1471 est
1092 1441 1207 1479 portae.
1246 1449 1322 1470 nam
1339 1450 1420 1479 pars

136 1493 277 1534 superior
303 1494 410 1525 diruta
437 1496 493 1533 est,
520 1493 688 1525 necessario
716 1495 891 1524 remanente
918 1493 1037 1533 limine,
1065 1493 1147 1532 quod
1171 1493 1207 1524 in
1233 1493 1299 1523 ima
1321 1495 1421 1533 parte,

137 1546 173 1577 id
193 1548 238 1578 est
258 1546 295 1578 in
316 1547 380 1578 solo
396 1547 535 1587 positum
558 1549 632 1579 erat.
1438 1555 1473 1577 25

226 1599 301 1631 243.
337 1613 435 1636 ATQVE
456 1613 545 1632 vmno
564 1613 695 1633 somrvn
713 1613 827 1636 QVATER
845 1612 926 1631 ARMA
946 1612 1064 1631 DEBERE
1086 1599 1237 1631 ostendere
1259 1599 1336 1638 vult,
1359 1610 1421 1631 non

138 1652 173 1684 in
202 1654 297 1685 totum
324 1664 345 1685 a
372 1654 434 1686 diis
460 1654 591 1685 desertos
618 1663 680 1685 esse
709 1653 883 1685 Troianos:
909 1653 1020 1693 quippe
1047 1663 1123 1693 quos
1151 1662 1224 1684 sono
1253 1653 1323 1692 equi
1349 1653 1423 1684 dicit

138 1715 202 1737 esse
219 1707 433 1739 commonitos:
456 1717 495 1739 ne
513 1707 598 1739 Dido
617 1707 656 1739 ab
674 1706 724 1738 his
741 1707 883 1738 animum
902 1709 1058 1747 averteret,
1082 1716 1156 1746 quos
1178 1706 1297 1737 videbat
1318 1716 1339 1736 a
1356 1707 1423 1737 suis

136 1759 318 1792 numinibus
340 1759 511 1798 derelictos;
540 1761 593 1792 sed
618 1760 673 1792 hoe
694 1761 785 1792 dicit:
814 1762 1000 1792 monuerunt
1027 1770 1083 1791 nos
1109 1760 1169 1798 dii,
1197 1760 1250 1790 sed
1275 1769 1332 1791 nos
1358 1769 1422 1790 non

138 1813 356 1850 intelleximus.
398 1817 426 1846 et
455 1814 526 1846 bene
548 1814 670 1845 addidit
693 1813 843 1845 ‘sonitum
866 1823 957 1844 arma
980 1812 1110 1854 dedere'‚
1139 1823 1178 1844 ne
1199 1813 1228 1844 ei
1250 1812 1421 1852 obiceretur,
1440 1820 1474 1843 30

138 1877 199 1899 non
216 1868 355 1908 potuisse
376 1868 460 1909 fieri,
483 1870 519 1899 ut
537 1867 632 1908 plena
654 1867 753 1898 armis
775 1866 922 1898 maehina
945 1876 1054 1898 sonum
1076 1876 1140 1898 non
1162 1866 1304 1897 redderet.

212 1986 225 2009 1
251 1982 398 2010 Terentius
421 1981 602 2016 Phormione]
627 1981 653 2007 Π
671 1984 702 2015 2,
721 1983 746 2008 4.
784 1980 818 2007 cf.
842 1980 911 2007 Don.
931 1980 968 2006 ad
987 1980 1013 2006 h.
1033 1990 1058 2007 v.
1083 1981 1093 2014 ss
1118 1984 1148 2007 11
1173 1979 1280 2015 veniat]
1301 1980 1362 2008 buc.
1382 1979 1420 2007 III

140 2020 174 2045 88
193 2018 208 2052 ῘΙ
231 2021 264 2045 14
282 2027 380 2045 versus
399 2018 553 2052 Ennianus]
573 2017 706 2043 Androm.
727 2016 863 2043 aechmul.
883 2016 983 2050 fragm.
996 2016 1042 2049 JX
1061 2024 1104 2050 ap.
1125 2015 1206 2043 Ribb.
1226 2017 1255 2042 et
1273 2025 1317 2050 ap.
1338 2016 1420 2043 Vahl.

212 2127 227 2151 3
247 2125 284 2152 ad
302 2133 327 2152 v.
347 2127 398 2152 237
418 2123 583 2159 Iutendunt]
602 2123 723 2158 inligant
746 2123 776 2149 et
798 2122 932 2149 tendunt
940 2123 972 2148 ut
991 2122 1182 2156 ‘intenditque
1206 2122 1299 2149 locum
1322 2122 1420 2157 (locus)

141 2159 248 2187 sertis'.
291 2160 410 2195 Fatalis]
434 2160 587 2187 mortifera.
614 2159 642 2185 P
654 2132 703 2193 g(et
725 2158 844 2185 tendunt
866 2157 971 2184 Daniel
994 2159 1097 2191 omisit,
1124 2166 1208 2192 neque
1231 2167 1263 2185 ea
1286 2159 1368 2185 verba
1390 2159 1421 2184 in

142 2195 280 2223 Fuldensi
303 2197 389 2229 fuisse
411 2197 443 2222 in
465 2196 615 2229 appendice
638 2195 800 2221 adnotatum
823 2195 879 2227 est)
902 2194 912 2227 ss
934 2203 1083 2220 mmunvxr
1107 2193 1229 2228 alligant
1251 2194 1284 2220 in
1305 2202 1360 2221 ras.
1386 2194 1395 2220 l
1413 2194 1422 2211 l

142 2234 159 2257 4
179 2240 344 2262 scAumeru
364 2231 435 2258 ΜΕ
455 2233 464 2265 ΙΙ
489 2234 503 2257 7
528 2231 565 2257 ad
588 2239 612 2258 v.
633 2232 684 2257 238
708 2229 807 2264 Foeta]
832 2238 905 2255 nunc
928 2229 1012 2263 plena.
1036 2250 1042 2255 .
1063 2249 1068 2255 .
1089 2250 1095 2256 .
1119 2229 1203 2256 uiridi
1227 2229 1340 2256 foetam.
1368 2229 1414 2255 P
1412 2231 1421 2263 l.

141 2267 198 2293 tem
200 2267 344 2301 p.ta.bunt
384 2267 494 2301 .fetas]
514 2266 665 2293 tentabunt
683 2265 792 2299 pubunt
810 2264 945 2299 pabulato
964 2265 1053 2292 foetas
1073 2265 1124 2298 Pu
1149 2268 1181 2291 12
1201 2265 1238 2292 ad
1255 2273 1279 2291 v.
1300 2268 1352 2291 240
1370 2264 1420 2290 Mi-

142 2276 223 2337 nansp]
245 2303 293 2329 uel
315 2288 439 2330 eminens
464 2323 470 2329 .
487 2323 514 2329 ..
535 2302 581 2328 uel
604 2301 744 2328 minitans.
771 2300 799 2326 P
817 2301 827 2334 ΙΙ
850 2308 943 2327 emens
962 2300 989 2326 L
1016 2300 1151 2334 (eminens
1171 2301 1191 2334 l)
1219 2300 1344 2326 eminans
1363 2299 1397 2325 H
1412 2300 1421 2333 Η

145 2340 177 2363 13
196 2338 339 2371 minitans,
365 2339 496 2365 euentum
515 2337 638 2371 aliquem
658 2336 732 2363 malo
752 2336 869 2370 (malum
887 2336 1049 2369 Fabricius)
1064 2336 1190 2362 ominans
1209 2336 1238 2361 D
1261 2337 1270 2369 ΙΙ
1294 2338 1326 2361 14
1346 2335 1420 2361 enia-

142 2382 194 2399 nus
212 2373 238 2399 L
259 2375 269 2407 fl
293 2377 325 2400 17
345 2374 483 2408 sepulcro]
504 2381 538 2399 ex
557 2373 684 2407 sepulcro
704 2372 713 2398 l
735 2372 744 2405 ΙΙ
767 2374 799 2398 21
819 2372 910 2398 totam
929 2379 979 2398 om.
996 2372 1033 2397 M
1050 2371 1116 2405 quia
1134 2372 1223 2398 totam
1242 2372 1422 2405 superauerat

143 2408 253 2434 misiam
272 2408 302 2435 E
322 2410 332 2443 ΙΙ
355 2412 390 2435 30
408 2408 610 2443 intelleximus]
630 2408 729 2441 incipit
750 2406 901 2434 Cassellani
919 2407 1062 2440 quaternio
1083 2407 1118 2434 X

1156 2451 1207 2479 17*
