1630 2684
443 153 555 180 COMM.
575 153 614 180 IN
633 153 741 180 VERG.
762 154 845 181 AEN.
866 154 885 181 ῐ.
907 157 1056 181 192—198.
1354 154 1393 184 77

109 234 276 276 passivam
309 234 448 265 activam
481 234 600 266 habere
633 234 920 276 significationem,
952 237 989 266 ut
1022 235 1147 276 loquor.
1204 234 1283 266 haec
1316 245 1394 276 ergo

110 289 203 319 caute
228 287 268 319 ab
294 286 360 318 illis
385 287 587 328 segreganda
611 289 687 319 sunt
711 288 827 319 verbis.
1152 296 1157 299 ’
1399 318 1401 320 .

202 339 273 372 195.
296 348 380 371 va
399 349 514 372 130st
534 349 626 378 QVAE
647 350 782 372 omnm-1
806 350 909 373 CAms
929 350 1117 373 ONERARAT
1142 349 1294 374 ACESTES
1315 342 1394 374 ordo

110 397 161 426 est
175 392 315 425 ·‘deinde
339 392 415 424 vina
438 393 592 435 partitur,
616 405 697 435 quae
720 394 852 426 Acestes
873 394 987 426 dedit'.
1079 394 1205 426 ‘bonus'
1225 398 1327 426 antem
1345 395 1395 426 hie

110 449 216 489 laryus
237 446 284 478 vel
307 446 450 478 liberalis.
487 457 562 478 sane
584 448 677 479 etiam
700 448 839 479 Aeneam
863 448 975 479 bonum
995 459 1052 488 pro
1077 449 1167 479 laude
1189 448 1337 488 appellat,
1361 451 1395 479 ut
1413 455 1428 478 5

108 502 143 534 in
165 501 272 541 quinto
294 509 382 539 quos
406 499 518 532 bonus
532 500 678 532 Aeneas
701 501 813 532 dietis
835 502 981 533 solatur
1003 502 1143 533 amieis.
1172 501 1284 533 bonum
1302 502 1395 533 etiam

103 564 164 595 pro
185 553 261 594 forti
283 553 359 584 dicit
379 552 548 585 Sallustius
576 564 665 585 sane
693 554 807 586 bonus
834 565 875 586 ea
904 558 1114 596 tempestate
1141 557 1271 586 contra
1292 556 1395 595 peri-

109 608 193 640 cula
212 609 244 639 et
261 606 506 638 ambitionem.
536 607 606 638 item
629 608 664 638 in
679 607 817 639 Catilina
840 609 902 640 secl
925 609 1146 650 libertatem,
1165 619 1271 649 quam
1293 619 1395 640 nemo

108 661 223 693 bonas
245 660 326 691 nisi
348 670 425 691 eum
452 661 578 692 anima
606 661 719 692 simul
746 662 897 692 amittit.
944 662 980 693 de
1002 662 1121 693 Acestis
1149 664 1251 693 antem
1279 663 1396 702 oriyine

106 714 217 755 fabula
244 714 279 745 in
306 714 413 754 quinto
442 714 519 745 libro
552 717 602 746 est.
708 728 820 747 Demos
850 726 916 747 una
947 716 1067 756 syllaba
1099 716 1189 747 metri
1221 725 1315 747 eausa
1346 722 1449 747 eat-10

107 768 250 800 cluditur.

199 821 272 853 196.
310 830 497 854 TRINACRIO
529 821 688 854 Graecum
719 825 770 854 est
797 822 931 864 p'ropter
958 823 1027 858 tria,
1050 820 1148 864 ἄκρα,
1182 821 1214 854 id
1244 824 1294 854 est
1322 833 1394 863 pro-

109 875 288 917 munturia,
325 875 528 917 Lilybaeum,
567 875 772 917 Pachynum,
811 875 974 908 Pelorum.
1028 876 1142 908 Latine
1180 881 1288 907 autem
1326 875 1394 907 Tri-

109 930 222 970 quetra
250 928 378 960 dieitur.
423 939 498 960 sane
526 929 786 970 Philostephanus
813 928 887 971 περὶ
916 930 984 962 τῶν
1012 928 1126 971 νήσων
1154 930 1220 961 sine
1247 940 1264 960 φ·
1293 930 1395 961 littera

110 982 293 1014 Trinaciam
321 982 456 1022 appellat
484 979 543 1014 ὅτι
577 984 768 1023 Τρίνακος
796 980 915 1024 αὐτῆς
942 983 1093 1025 πρῶτος
1122 982 1393 1024 ἐβασίλευσεν.
1416 990 1447 1012 15

197 1044 312 1068 HEROS
343 1035 393 1067 vir
426 1035 535 1076 fortis,
569 1036 741 1077 semideus,
764 1037 839 1077 plus
873 1037 914 1068 ab
947 1037 1079 1069 homine
1110 1037 1248 1078 habens,
1278 1038 1315 1068 ut
1348 1036 1395 1068 ait

108 1088 280 1121 Hesiodus.

201 1143 273 1175 197.
306 1155 401 1175 mem*
422 1155 590 1174 mmmmm
611 1143 681 1174 bene
700 1146 771 1174 ante
789 1143 895 1184 epulas
914 1146 943 1175 et
955 1143 1096 1175 hortatur
1109 1144 1205 1175 socios
1222 1146 1251 1175 et
1268 1144 1394 1175 solatur.

200 1196 273 1228 198.
306 1205 328 1228 o
352 1205 443 1228 soen
467 1196 546 1228 ordo
571 1195 654 1228 est
662 1207 680 1227 0
705 1196 799 1237 socii,
822 1198 971 1228 revocate
996 1196 1138 1228 animos'
1141 1197 1259 1228 .bene
1284 1199 1394 1228 autem

109 1250 215 1282 socios
243 1249 338 1291 dixit,
369 1251 403 1281 ut
432 1261 465 1281 se
495 1249 540 1281 eis
575 1251 779 1290 exaequaret.
829 1250 957 1290 quidam
986 1251 1081 1281 socios
1106 1251 1235 1291 poprie
1266 1251 1393 1291 remiyes
1412 1257 1446 1280 20

107 1304 277 1345 accipiunt,
300 1304 354 1335 sed
375 1304 424 1335 illi
446 1304 521 1335 socii
544 1303 669 1334 navales
692 1303 897 1343 offellantur.
966 1312 1088 1335 IGNARI
1112 1315 1170 1345 pro
1190 1304 1394 1336 inmemores.

108 1359 141 1388 et
164 1359 214 1389 est
237 1357 441 1398 acyrologia;
467 1357 602 1398 ignarus
627 1356 714 1387 enim
739 1358 788 1388 est
812 1357 866 1398 qui
896 1357 1040 1399 ignorat,
1068 1358 1227 1389 inmemor
1256 1357 1310 1399 qui
1340 1358 1392 1389 ob-

108 1410 187 1443 litus
212 1413 271 1442 est.
363 1419 458 1442 ANTE
483 1418 655 1442 MALORVM
685 1407 773 1451 ὑφέν
797 1413 859 1452 est,
889 1411 924 1442 id
945 1414 988 1443 est
1010 1411 1209 1451 antiquormn
1232 1411 1395 1452 malorum,

181 1547 197 1570 6
211 1543 240 1570 in
255 1542 367 1577 quinto]
383 1545 433 1569 770
447 1543 457 1576 ΙΙ
472 1546 486 1569 7
503 1542 664 1578 Sallustius]
679 1543 744 1570 hist.
756 1543 855 1578 fragm.
870 1544 894 1570 V
907 1547 937 1570 19
954 1544 1038 1570 Kritz.
1053 1545 1063 1578 Π
1077 1547 1092 1570 8
1108 1544 1136 1570 in
1152 1543 1286 1579 Catilina]
1302 1547 1344 1576 33,
1361 1544 1395 1578 41]

110 1582 141 1606 17
162 1579 313 1613 Hesiodus]
334 1580 368 1605 cf.
389 1579 451 1605 adn.
467 1578 527 1604 orit,
543 1579 552 1612 ΙΙ
566 1582 599 1605 22
615 1579 728 1613 ignarus
744 1601 749 1606 .
767 1601 772 1605 .
789 1601 794 1606 .
810 1579 914 1606 oblitus
929 1580 982 1614 est]
999 1588 1083 1606 exscr.
1098 1580 1162 1605 Isid.
1178 1579 1235 1606 diff.
1252 1580 1326 1606 verb.
1343 1582 1395 1605 295

179 1707 195 1730 3
216 1704 253 1730 ad
267 1712 291 1730 v.
308 1706 358 1730 195
368 1702 453 1729 'Vina
467 1702 580 1738 deinde]
601 1712 657 1730 una
676 1704 787 1738 syllaba
806 1705 916 1731 tollitur
930 1704 1013 1731 metri
1029 1713 1119 1731 causa.
1143 1705 1170 1730 P
1182 1706 1191 1738 ΙΙ
1207 1705 1274 1731 ordo
1289 1706 1332 1731 est
1352 1726 1357 1731 .
1370 1725 1393 1732 ..

108 1739 198 1774 dedit]
219 1739 319 1765 deinde
338 1738 406 1765 uina
424 1739 506 1765 heros
526 1739 628 1765 diuidit
646 1748 718 1773 quae
738 1740 828 1767 bonus
847 1741 954 1767 acestes
973 1740 1106 1766 trinacrio
1120 1740 1203 1767 litore
1220 1740 1296 1767 cadis
1311 1741 1395 1766 hone-

108 1778 184 1802 rarat
198 1776 227 1802 et
240 1775 407 1801 abeuntibus
422 1774 543 1802 dederat.
563 1774 586 1801 C
598 1775 633 1807 ef.
646 1776 737 1802 Diem.
750 1785 779 1809 p.
794 1779 853 1809 461,
867 1779 898 1802 10
910 1776 945 1802 Κ.
961 1777 970 1809 ΙΙ
985 1776 1136 1802 dederatB
1151 1777 1160 1810 ΙΙ
1175 1779 1190 1802 6
1207 1776 1313 1802 solatur
1328 1776 1395 1802 ami-

108 1811 160 1846 eis]
181 1811 224 1837 ad.
243 1810 262 1837 f.
283 1819 300 1837 a
318 1810 380 1842 mic,
401 1809 424 1836 C'
442 1810 495 1844 (ad.
515 1810 534 1836 f.
550 1819 604 1844 pro
625 1811 737 1837 adfatur
755 1814 786 1838 at
804 1813 922 1844 videtur)
937 1813 946 1845 ΙΙ
961 1815 975 1838 7
996 1811 1051 1838 dici
1071 1811 1144 1845 0118
1165 1812 1193 1837 in
1213 1811 1328 1838 catilina
1349 1811 1395 1838 0²:

108 1847 139 1873 in
158 1846 273 1874 catiline
293 1846 367 1880 0119
383 1845 502 1880 amittit]
519 1855 603 1873 nonve
623 1846 713 1873 bonus
733 1847 801 1874 ciuis
822 1849 850 1874 et
868 1848 957 1874 bonus
977 1847 1095 1881 largitor
1115 1847 1272 1873 Masvicius
1286 1847 1396 1880 primus

108 1883 232 1914 addidit,
251 1890 320 1916 quae
338 1882 427 1907 nescio
447 1882 518 1907 umde
533 1882 624 1915 petita
641 1883 704 1910 sint.
720 1884 729 1917 ΙΙ
748 1886 763 1909 9
780 1883 880 1910 acestis
897 1882 943 1909 02:
963 1883 1033 1909 actis
1055 1882 1077 1908 O
1088 1883 1097 1916 ΙΙ
1112 1884 1205 1909 autem
1220 1882 1327 1916 origine
1348 1882 1395 1908 0²:

109 1917 216 1952 origine
235 1917 329 1944 autem
349 1916 373 1943 G
383 1918 392 1951 ΙΙ
409 1920 440 1943 10
461 1917 578 1944 metrica
599 1917 622 1943 C
638 1927 671 1944 ex
691 1919 879 1952 dittoyraphia
893 1919 902 1952 ΙΙ
918 1921 949 1944 12
970 1919 1007 1944 ad
1026 1927 1048 1944 v
1070 1921 1120 1944 196
1140 1918 1283 1944 Trinacrio
1316 1926 1395 1951 grae-

109 1962 171 1980 cum
191 1954 234 1980 est
252 1953 326 1987 quod
340 1953 396 1979 tria
410 1961 476 1979 acra
490 1953 601 1986 habeat,
619 1953 647 1979 id
663 1955 706 1980 est
719 1954 923 1997 promontoria,
938 1954 1103 1987 Lilybaeum
1120 1954 1273 1987 (lybaeum)
1312 1954 1395 1987 ichy-

108 1998 175 2016 num
195 1988 367 2023 (pachinum)
387 1988 526 2015 Pelorum.
549 1989 576 2014 P
588 1990 597 2022 ΙΙ
611 1991 726 2023 plopter
745 1990 801 2016 tria
816 1988 903 2024 ἄκρα]
920 1989 995 2023 quod
1010 1989 1065 2015 tria
1079 1998 1143 2015 acra
1157 1989 1262 2015 habeat
1277 1988 1299 2014 C'
1310 1990 1320 2022 ΙΙ
1333 1998 1395 2023 pro-

109 2025 252 2052 munturia
271 2024 518 2058 &promontoria
537 2025 563 2050 B
582 2034 633 2059 pro
653 2025 825 2052 ermontoria
846 2026 877 2051 K
893 2025 1085 2059 promuntoria
1103 2024 1168 2051 LO²
1188 2025 1397 2058 plomunctoria

109 2061 199 2086 HMl
222 2061 231 2094 ΙΙ
256 2063 288 2086 13
308 2060 433 2086 lilibeum
454 2060 574 2086 BHMZ
602 2061 717 2087 libeium
742 2062 767 2086 L
790 2063 799 2095 ΙΙ
821 2061 981 2095 bachynum
1007 2061 1030 2087 G
1056 2060 1206 2095 pachinum
1233 2060 1391 2088 KLHM

108 2131 254 2165 triquadra
273 2131 298 2157 L
317 2131 467 2165 (triquatra
486 2132 505 2166 l)
521 2132 531 2166 ΙΙ
551 2135 583 2158 14
604 2112 664 2159 υεΡΙ
673 2142 727 2158 τωκ
746 2142 854 2158 succum
868 2133 935 2202 A(sed
958 2141 989 2158 cc
1016 2132 1047 2158 in
1065 2140 1119 2158 ras.
1147 2131 1197 2166 0²)
1220 2132 1229 2165 ΙΙ
1255 2135 1286 2158 15
1309 2132 1394 2158 trina-

116 2183 128 2196 1·
568 2183 582 2197 Τ

109 2203 181 2230 oiim
202 2202 225 2229 G
242 2204 266 2235 (r
284 2210 361 2235 supr.
380 2210 444 2228 vers
469 2202 513 2233 Οἳ)
536 2204 546 2237 ss
569 2212 699 2236 epxnaxoc
720 2203 743 2229 G
764 2204 773 2237 ΙΙ
796 2188 954 2230 εΒΛοιΛεγοεκ
976 2204 998 2230 G
1019 2205 1028 2238 ss
1054 2207 1086 2230 16
1105 2203 1168 2237 plus
1188 2202 1224 2228 ab
1243 2202 1355 2228 homine
1376 2201 1399 2227 C

108 2239 171 2272 plus
190 2239 303 2265 homine
325 2238 361 2264 M
380 2238 389 2281 u
410 2241 441 2264 17
464 2233 604 2266 Hesiodus
624 2242 676 2273 (op.
698 2241 759 2271 158)
781 2237 851 2269 Ζεὺς
870 2240 1018 2282 Κρονίδης
1030 2240 1128 2272 ποίησε
1149 2236 1328 2270 δικαιότερον
1348 2237 1397 2263 καὶ

109 2273 208 2308 ἄρειον
233 2271 346 2306 ἀνδρῶν
374 2271 475 2306 ηρώων
502 2276 586 2301 θεῖον
611 2275 704 2309 γένοε,
732 2274 758 2301 οι
783 2274 932 2301 καλέονται
952 2272 1069 2309 ἡμίθεοι
1089 2275 1240 2301 Fabricius
1263 2274 1272 2313 [l
1297 2275 1329 2299 18
1348 2282 1396 2298 m:-

111 2318 207 2336 num-u
223 2310 246 2336 G
287 2310 317 2336 et
330 2309 460 2342 hort—atur
480 2311 509 2337 et
523 2311 654 2337 hortatur
669 2311 691 2336 C'
703 2311 712 2344 ΙΙ
728 2313 760 2336 19
776 2311 812 2337 ad
826 2319 849 2337 v.
868 2313 917 2337 198
934 2310 955 2337 O
972 2310 1047 2337 socii
1069 2310 1173 2344 Ignari]
1193 2318 1244 2344 pro
1263 2310 1396 2334 inmemo-

92 2347 154 2372 ‘res
175 2367 180 2372 .
197 2368 202 2373 .
219 2367 224 2372 .
245 2346 350 2373 oblitus
369 2349 420 2373 est.
442 2346 470 2371 P
491 2347 500 2380 ΙΙ
524 2355 539 2372 o
559 2355 609 2373 om.
629 2346 700 2372 ΒΜ
721 2347 730 2379 ss
753 2349 787 2372 20
807 2347 858 2380 eis]
879 2346 947 2380 ipsis
966 2347 993 2372 B
1012 2346 1056 2372 his
1078 2346 1114 2372 M
1135 2347 1144 2379 ΙΙ
1169 2349 1200 2371 21
1224 2344 1293 2371 socii
1313 2344 1347 2370 (1²
1366 2344 1397 2369 in

111 2389 165 2407 ras.
189 2382 198 2414 ΙΙ
222 2385 257 2408 22
275 2381 412 2408 inmemor
430 2390 496 2408 uero
518 2382 585 2408 LM
607 2383 616 2416 ΙΙ
639 2385 673 2408 23
693 2389 777 2415 mnus
794 2381 817 2408 0
832 2382 898 2416 yfen
917 2382 1017 2415 reliqui
1039 2382 1048 2414 ΙΙ
1074 2382 1118 2407 est
1136 2389 1185 2406 om.
1208 2380 1230 2406 G
