<?xml version="1.0" encoding="UTF-8"?>
<!DOCTYPE html PUBLIC "-//W3C//DTD XHTML 1.0 Transitional//EN"
    "http://www.w3.org/TR/xhtml1/DTD/xhtml1-transitional.dtd">
<html xmlns="http://www.w3.org/1999/xhtml" xml:lang="en" lang="en">
 <head>
  <title>
</title>
<meta http-equiv="Content-Type" content="text/html;charset=utf-8" />
  <meta name='ocr-system' content='tesseract 3.04.00' />
  <meta name='ocr-capabilities' content='ocr_page ocr_carea ocr_par ocr_line ocrx_word'/>
</head>
<body>
  <div class='ocr_page' id='page_1' title='image "./invergiliicarmin00servuoft/invergiliicarmin00servuoft_0369.png"; bbox 0 0 1722 2670; ppageno 0'>
   <div class='ocr_carea' id='block_1_1' title="bbox 503 109 1439 144">
    <p class='ocr_par' dir='ltr' id='par_1_1' title="bbox 503 109 1439 144">
     <span class='ocr_line' id='line_1_1' title="bbox 503 109 1439 144; baseline 0.004 -8"><span class='ocrx_word' id='word_1_1' title='bbox 503 109 615 137; x_wconf 80' lang='lat' dir='ltr'><em>COMM.</em></span> <span class='ocrx_word' id='word_1_2' title='bbox 634 109 672 135; x_wconf 91' lang='lat' dir='ltr'><em>IN</em></span> <span class='ocrx_word' id='word_1_3' title='bbox 694 109 800 138; x_wconf 72' lang='lat' dir='ltr'><em>VERG.</em></span> <span class='ocrx_word' id='word_1_4' title='bbox 820 110 903 138; x_wconf 79' lang='lat' dir='ltr'><em>AEN.</em></span> <span class='ocrx_word' id='word_1_5' title='bbox 923 111 969 136; x_wconf 82' lang='lat'><em>111.</em></span> <span class='ocrx_word' id='word_1_6' title='bbox 989 115 1101 138; x_wconf 77' lang='lat'><em>87—92.</em></span> <span class='ocrx_word' id='word_1_7' title='bbox 1375 111 1439 144; x_wconf 79' lang='grc'><em>357</em></span> 
     </span>
    </p>
   </div>
   <div class='ocr_carea' id='block_1_2' title="bbox 148 191 1442 1886">
    <p class='ocr_par' dir='ltr' id='par_1_2' title="bbox 159 191 1442 490">
     <span class='ocr_line' id='line_1_2' title="bbox 161 191 1440 235; baseline 0.002 -11"><span class='ocrx_word' id='word_1_8' title='bbox 161 201 243 231; x_wconf 87' lang='lat' dir='ltr'><em>sono,</em></span> <span class='ocrx_word' id='word_1_9' title='bbox 266 192 310 224; x_wconf 83' lang='lat' dir='ltr'><em>ad</em></span> <span class='ocrx_word' id='word_1_10' title='bbox 329 192 411 232; x_wconf 77' lang='lat' dir='ltr'><em>quod</em></span> <span class='ocrx_word' id='word_1_11' title='bbox 425 191 560 233; x_wconf 75' lang='lat' dir='ltr'><em>pertinet</em></span> <span class='ocrx_word' id='word_1_12' title='bbox 580 191 609 223; x_wconf 85' lang='lat' dir='ltr'><em>si</em></span> <span class='ocrx_word' id='word_1_13' title='bbox 632 191 724 223; x_wconf 86' lang='lat' dir='ltr'><em>arbor</em></span> <span class='ocrx_word' id='word_1_14' title='bbox 745 194 850 232; x_wconf 79' lang='lat' dir='ltr'><em>sponte</em></span> <span class='ocrx_word' id='word_1_15' title='bbox 871 192 1022 224; x_wconf 76' lang='lat' dir='ltr'><em>radicitus</em></span> <span class='ocrx_word' id='word_1_16' title='bbox 1044 194 1143 235; x_wconf 89' lang='lat' dir='ltr'><em>cadat,</em></span> <span class='ocrx_word' id='word_1_17' title='bbox 1166 194 1195 226; x_wconf 89' lang='lat' dir='ltr'><em>si</em></span> <span class='ocrx_word' id='word_1_18' title='bbox 1213 196 1296 225; x_wconf 87' lang='lat' dir='ltr'><em>terra</em></span> <span class='ocrx_word' id='word_1_19' title='bbox 1314 196 1440 226; x_wconf 78' lang='lat' dir='ltr'><em>tremat.-</em></span> 
     </span>
     <span class='ocr_line' id='line_1_3' title="bbox 161 245 1442 288; baseline 0.002 -11"><span class='ocrx_word' id='word_1_20' title='bbox 161 246 243 286; x_wconf 77' lang='lat' dir='ltr'><em>quod</em></span> <span class='ocrx_word' id='word_1_21' title='bbox 263 245 313 278; x_wconf 82' lang='lat' dir='ltr'><em>hic</em></span> <span class='ocrx_word' id='word_1_22' title='bbox 334 245 456 277; x_wconf 79' lang='lat' dir='ltr'><strong><em>Aeneae</em></strong></span> <span class='ocrx_word' id='word_1_23' title='bbox 476 245 595 285; x_wconf 81' lang='lat' dir='ltr'><em>factum</em></span> <span class='ocrx_word' id='word_1_24' title='bbox 618 245 760 285; x_wconf 77' lang='lat' dir='ltr'><em>ostendit,</em></span> <span class='ocrx_word' id='word_1_25' title='bbox 790 247 956 285; x_wconf 78' lang='lat' dir='ltr'><em>antequam</em></span> <span class='ocrx_word' id='word_1_26' title='bbox 984 247 1185 286; x_wconf 41' lang='lat' dir='ltr'><em>voceXdivina</em></span> <span class='ocrx_word' id='word_1_27' title='bbox 1207 257 1352 288; x_wconf 85' lang='lat' dir='ltr'><em>responsa</em></span> <span class='ocrx_word' id='word_1_28' title='bbox 1369 257 1442 288; x_wconf 87' lang='lat' dir='ltr'><em>per-</em></span> 
     </span>
     <span class='ocr_line' id='line_1_4' title="bbox 161 296 1439 342; baseline 0.002 -12"><span class='ocrx_word' id='word_1_29' title='bbox 161 299 279 339; x_wconf 77' lang='lat' dir='ltr'><em>ciperet.</em></span> <span class='ocrx_word' id='word_1_30' title='bbox 414 306 492 330; x_wconf 80' lang='lat' dir='ltr'><em>VISA</em></span> <span class='ocrx_word' id='word_1_31' title='bbox 515 306 676 330; x_wconf 76' lang='lat' dir='ltr'><strong>REPENTE</strong></span> <span class='ocrx_word' id='word_1_32' title='bbox 702 296 829 330; x_wconf 84' lang='lat' dir='ltr'><em>Stoicos</em></span> <span class='ocrx_word' id='word_1_33' title='bbox 854 300 887 330; x_wconf 86' lang='lat' dir='ltr'><em>et</em></span> <span class='ocrx_word' id='word_1_34' title='bbox 910 299 1120 331; x_wconf 80' lang='lat' dir='ltr'><strong>Academicos</strong></span> <span class='ocrx_word' id='word_1_35' title='bbox 1145 302 1274 331; x_wconf 80' lang='lat' dir='ltr'><em>secutus</em></span> <span class='ocrx_word' id='word_1_36' title='bbox 1299 302 1361 342; x_wconf 85' lang='lat' dir='ltr'><em>est,</em></span> <span class='ocrx_word' id='word_1_37' title='bbox 1385 301 1439 342; x_wconf 90' lang='lat' dir='ltr'><em>qui</em></span> 
     </span>
     <span class='ocr_line' id='line_1_5' title="bbox 161 352 1439 393; baseline 0.001 -9"><span class='ocrx_word' id='word_1_38' title='bbox 161 352 272 384; x_wconf 87' lang='lat' dir='ltr'><em>dicunt</em></span> <span class='ocrx_word' id='word_1_39' title='bbox 295 363 333 384; x_wconf 87' lang='lat' dir='ltr'><em>ea</em></span> <span class='ocrx_word' id='word_1_40' title='bbox 355 362 437 393; x_wconf 80' lang='lat' dir='ltr'><em>quae</em></span> <span class='ocrx_word' id='word_1_41' title='bbox 458 352 571 383; x_wconf 87' lang='lat' dir='ltr'><em>contra</em></span> <span class='ocrx_word' id='word_1_42' title='bbox 589 352 740 383; x_wconf 83' lang='lat' dir='ltr'><em>naturam</em></span> <span class='ocrx_word' id='word_1_43' title='bbox 760 353 845 393; x_wconf 84' lang='lat' dir='ltr'><em>sunt,</em></span> <span class='ocrx_word' id='word_1_44' title='bbox 867 362 934 383; x_wconf 88' lang='lat' dir='ltr'><em>non</em></span> <span class='ocrx_word' id='word_1_45' title='bbox 952 352 1031 393; x_wconf 89' lang='lat' dir='ltr'><em>fieri,</em></span> <span class='ocrx_word' id='word_1_46' title='bbox 1055 353 1110 384; x_wconf 89' lang='lat' dir='ltr'><em>sed</em></span> <span class='ocrx_word' id='word_1_47' title='bbox 1129 353 1199 384; x_wconf 88' lang='lat' dir='ltr'><em>fieri</em></span> <span class='ocrx_word' id='word_1_48' title='bbox 1218 353 1333 385; x_wconf 86' lang='lat' dir='ltr'><em>videri:</em></span> <span class='ocrx_word' id='word_1_49' title='bbox 1357 354 1439 385; x_wconf 87' lang='lat' dir='ltr'><em>unde</em></span> 
     </span>
     <span class='ocr_line' id='line_1_6' title="bbox 161 404 1438 447; baseline 0.002 -11"><span class='ocrx_word' id='word_1_50' title='bbox 161 405 289 447; x_wconf 81' lang='lat' dir='ltr'><em>magica</em></span> <span class='ocrx_word' id='word_1_51' title='bbox 312 416 364 437; x_wconf 81' lang='lat' dir='ltr'><em>ars</em></span> <span class='ocrx_word' id='word_1_52' title='bbox 388 404 492 437; x_wconf 89' lang='lat' dir='ltr'><em>omnis</em></span> <span class='ocrx_word' id='word_1_53' title='bbox 516 404 650 440; x_wconf 76' lang='lat' dir='ltr'><em>exclusa.</em></span> <span class='ocrx_word' id='word_1_54' title='bbox 673 406 738 446; x_wconf 74' lang='lat' dir='ltr'><em>est,</em></span> <span class='ocrx_word' id='word_1_55' title='bbox 762 405 846 437; x_wconf 86' lang='lat' dir='ltr'><em>sicut</em></span> <span class='ocrx_word' id='word_1_56' title='bbox 868 405 994 438; x_wconf 86' lang='lat' dir='ltr'><em>Plinius</em></span> <span class='ocrx_word' id='word_1_57' title='bbox 1020 405 1184 438; x_wconf 81' lang='lat' dir='ltr'><strong>Secundus</strong></span> <span class='ocrx_word' id='word_1_58' title='bbox 1209 407 1303 439; x_wconf 91' lang='lat' dir='ltr'><em>docet</em></span> <span class='ocrx_word' id='word_1_59' title='bbox 1326 407 1361 439; x_wconf 89' lang='lat' dir='ltr'><em>in</em></span> <span class='ocrx_word' id='word_1_60' title='bbox 1384 419 1438 439; x_wconf 89' lang='lat' dir='ltr'><em>na-</em></span> 
     </span>
     <span class='ocr_line' id='line_1_7' title="bbox 159 458 428 490; baseline 0 0"><span class='ocrx_word' id='word_1_61' title='bbox 159 458 260 490; x_wconf 77' lang='lat' dir='ltr'><em>turali</em></span> <span class='ocrx_word' id='word_1_62' title='bbox 282 458 428 490; x_wconf 86' lang='lat' dir='ltr'><em>historia.</em></span> 
     </span>
    </p>

    <p class='ocr_par' dir='ltr' id='par_1_3' title="bbox 148 511 1440 823">
     <span class='ocr_line' id='line_1_8' title="bbox 248 511 1440 556; baseline 0.004 -14"><span class='ocrx_word' id='word_1_63' title='bbox 248 511 300 543; x_wconf 85' lang='lat'><em>91.</em></span> <span class='ocrx_word' id='word_1_64' title='bbox 336 519 528 550; x_wconf 81' lang='lat' dir='ltr'>LIMINAQVE</span> <span class='ocrx_word' id='word_1_65' title='bbox 557 511 652 553; x_wconf 73' lang='lat' dir='ltr'><em>‘que&#39;</em></span> <span class='ocrx_word' id='word_1_66' title='bbox 681 512 789 544; x_wconf 83' lang='lat' dir='ltr'><em>brevis</em></span> <span class='ocrx_word' id='word_1_67' title='bbox 818 514 868 544; x_wconf 85' lang='lat' dir='ltr'><em>est</em></span> <span class='ocrx_word' id='word_1_68' title='bbox 894 523 953 554; x_wconf 91' lang='lat' dir='ltr'><em>pro</em></span> <span class='ocrx_word' id='word_1_69' title='bbox 983 513 1082 555; x_wconf 84' lang='lat' dir='ltr'><em>longa</em></span> <span class='ocrx_word' id='word_1_70' title='bbox 1110 513 1231 555; x_wconf 87' lang='lat' dir='ltr'><em>posita:</em></span> <span class='ocrx_word' id='word_1_71' title='bbox 1265 514 1349 556; x_wconf 89' lang='lat' dir='ltr'><em>quod</em></span> <span class='ocrx_word' id='word_1_72' title='bbox 1379 514 1440 547; x_wconf 86' lang='lat' dir='ltr'><em>hac</em></span> 
     </span>
     <span class='ocr_line' id='line_1_9' title="bbox 158 564 1438 609; baseline 0.002 -13"><span class='ocrx_word' id='word_1_73' title='bbox 158 564 282 597; x_wconf 84' lang='lat' dir='ltr'><em>ratione</em></span> <span class='ocrx_word' id='word_1_74' title='bbox 306 564 503 596; x_wconf 81' lang='lat' dir='ltr'><em>defenditur:</em></span> <span class='ocrx_word' id='word_1_75' title='bbox 529 566 585 596; x_wconf 86' lang='lat' dir='ltr'><em>aut</em></span> <span class='ocrx_word' id='word_1_76' title='bbox 609 565 686 606; x_wconf 85' lang='lat' dir='ltr'><em>quia</em></span> <span class='ocrx_word' id='word_1_77' title='bbox 709 566 819 597; x_wconf 84' lang='lat' dir='ltr'><em>omnia</em></span> <span class='ocrx_word' id='word_1_78' title='bbox 843 566 1072 607; x_wconf 82' lang='lat' dir='ltr'><em>monosyllaba</em></span> <span class='ocrx_word' id='word_1_79' title='bbox 1096 567 1136 599; x_wconf 89' lang='lat' dir='ltr'><em>ad</em></span> <span class='ocrx_word' id='word_1_80' title='bbox 1161 569 1265 599; x_wconf 78' lang='lat' dir='ltr'><em>artem</em></span> <span class='ocrx_word' id='word_1_81' title='bbox 1284 578 1350 599; x_wconf 91' lang='lat' dir='ltr'><em>non</em></span> <span class='ocrx_word' id='word_1_82' title='bbox 1367 579 1438 609; x_wconf 89' lang='lat' dir='ltr'><em>per-</em></span> 
     </span>
     <span class='ocr_line' id='line_1_10' title="bbox 158 617 1437 663; baseline 0.002 -13"><span class='ocrx_word' id='word_1_83' title='bbox 158 617 266 650; x_wconf 65' lang='lat' dir='ltr'><em>tinent</em></span> <span class='ocrx_word' id='word_1_84' title='bbox 295 619 328 649; x_wconf 76' lang='lat' dir='ltr'><em>et</em></span> <span class='ocrx_word' id='word_1_85' title='bbox 354 617 405 650; x_wconf 92' lang='lat' dir='ltr'><em>his</em></span> <span class='ocrx_word' id='word_1_86' title='bbox 434 617 570 651; x_wconf 75' lang='lat' dir='ltr'><em>licenter</em></span> <span class='ocrx_word' id='word_1_87' title='bbox 598 618 648 650; x_wconf 88' lang='lat' dir='ltr'><em>uti</em></span> <span class='ocrx_word' id='word_1_88' title='bbox 675 629 862 661; x_wconf 84' lang='lat' dir='ltr'><em>possumus,</em></span> <span class='ocrx_word' id='word_1_89' title='bbox 895 621 953 651; x_wconf 85' lang='lat' dir='ltr'><em>aut</em></span> <span class='ocrx_word' id='word_1_90' title='bbox 976 621 1063 651; x_wconf 85' lang='lat' dir='ltr'><em>certe</em></span> <span class='ocrx_word' id='word_1_91' title='bbox 1086 620 1163 661; x_wconf 85' lang='lat' dir='ltr'><em>quia</em></span> <span class='ocrx_word' id='word_1_92' title='bbox 1186 631 1282 652; x_wconf 89' lang='lat' dir='ltr'><em>omne</em></span> <span class='ocrx_word' id='word_1_93' title='bbox 1305 619 1437 663; x_wconf 82' lang='grc' dir='ltr'><em>μόριον,</em></span> 
     </span>
     <span class='ocr_line' id='line_1_11' title="bbox 157 670 1439 716; baseline 0.003 -14"><span class='ocrx_word' id='word_1_94' title='bbox 157 670 192 702; x_wconf 85' lang='lat' dir='ltr'><em>id</em></span> <span class='ocrx_word' id='word_1_95' title='bbox 215 672 266 703; x_wconf 87' lang='lat' dir='ltr'><em>est</em></span> <span class='ocrx_word' id='word_1_96' title='bbox 287 671 458 713; x_wconf 79' lang='lat' dir='ltr'><em>particula,</em></span> <span class='ocrx_word' id='word_1_97' title='bbox 481 682 563 713; x_wconf 87' lang='lat' dir='ltr'><em>quae</em></span> <span class='ocrx_word' id='word_1_98' title='bbox 582 672 632 703; x_wconf 89' lang='lat' dir='ltr'><em>sui</em></span> <span class='ocrx_word' id='word_1_99' title='bbox 652 672 870 704; x_wconf 78' lang='lat' dir='ltr'><em>substantiam</em></span> <span class='ocrx_word' id='word_1_100' title='bbox 889 683 954 704; x_wconf 89' lang='lat' dir='ltr'><em>non</em></span> <span class='ocrx_word' id='word_1_101' title='bbox 972 673 1081 715; x_wconf 81' lang='lat' dir='ltr'><em>habet,</em></span> <span class='ocrx_word' id='word_1_102' title='bbox 1104 674 1284 706; x_wconf 86' lang='lat' dir='ltr'><strong>membrum</strong></span> <span class='ocrx_word' id='word_1_103' title='bbox 1304 676 1439 716; x_wconf 80' lang='lat' dir='ltr'><em>putatur</em></span> 
     </span>
     <span class='ocr_line' id='line_1_12' title="bbox 158 723 1436 769; baseline 0.004 -14"><span class='ocrx_word' id='word_1_104' title='bbox 158 723 334 766; x_wconf 83' lang='lat' dir='ltr'><em>superioris</em></span> <span class='ocrx_word' id='word_1_105' title='bbox 362 724 534 756; x_wconf 86' lang='lat' dir='ltr'><em>orationis:</em></span> <span class='ocrx_word' id='word_1_106' title='bbox 568 725 653 766; x_wconf 89' lang='lat' dir='ltr'><em>quod</em></span> <span class='ocrx_word' id='word_1_107' title='bbox 682 725 710 757; x_wconf 84' lang='lat' dir='ltr'><em>si</em></span> <span class='ocrx_word' id='word_1_108' title='bbox 734 727 797 767; x_wconf 85' lang='lat' dir='ltr'><em>est,</em></span> <span class='ocrx_word' id='word_1_109' title='bbox 829 725 1039 768; x_wconf 69' lang='lat' dir='ltr'><em>‘liminaque&#39;</em></span> <span class='ocrx_word' id='word_1_110' title='bbox 1064 727 1157 768; x_wconf 86' lang='lat' dir='ltr'><em>quasi</em></span> <span class='ocrx_word' id='word_1_111' title='bbox 1180 738 1244 759; x_wconf 85' lang='lat' dir='ltr'><em>una</em></span> <span class='ocrx_word' id='word_1_112' title='bbox 1266 739 1342 769; x_wconf 84' lang='lat' dir='ltr'><em>pars</em></span> <span class='ocrx_word' id='word_1_113' title='bbox 1367 740 1436 760; x_wconf 90' lang='lat' dir='ltr'><em>ora-</em></span> 
     </span>
     <span class='ocr_line' id='line_1_13' title="bbox 148 777 1436 823; baseline 0.003 -14"><span class='ocrx_word' id='word_1_114' title='bbox 148 777 255 810; x_wconf 81' lang='lat' dir='ltr'><em>tionis</em></span> <span class='ocrx_word' id='word_1_115' title='bbox 280 779 340 820; x_wconf 86' lang='lat' dir='ltr'><em>est,</em></span> <span class='ocrx_word' id='word_1_116' title='bbox 363 779 396 809; x_wconf 86' lang='lat' dir='ltr'><em>et</em></span> <span class='ocrx_word' id='word_1_117' title='bbox 417 779 526 819; x_wconf 83' lang='lat' dir='ltr'><em>potest</em></span> <span class='ocrx_word' id='word_1_118' title='bbox 545 777 640 820; x_wconf 66' lang='lat' dir='ltr'><em>‘que&#39;</em></span> <span class='ocrx_word' id='word_1_119' title='bbox 660 778 830 811; x_wconf 85' lang='lat' dir='ltr'><em>finalitatis</em></span> <span class='ocrx_word' id='word_1_120' title='bbox 854 779 981 811; x_wconf 90' lang='lat' dir='ltr'><em>ratione</em></span> <span class='ocrx_word' id='word_1_121' title='bbox 1006 780 1056 812; x_wconf 89' lang='lat' dir='ltr'><em>vel</em></span> <span class='ocrx_word' id='word_1_122' title='bbox 1080 780 1214 821; x_wconf 81' lang='lat' dir='ltr'>produci</span> <span class='ocrx_word' id='word_1_123' title='bbox 1234 781 1285 812; x_wconf 87' lang='lat' dir='ltr'><em>vel</em></span> <span class='ocrx_word' id='word_1_124' title='bbox 1309 782 1436 823; x_wconf 88' lang='lat' dir='ltr'><em>corripi.</em></span> 
     </span>
    </p>

    <p class='ocr_par' dir='ltr' id='par_1_4' title="bbox 153 832 1437 1459">
     <span class='ocr_line' id='line_1_14' title="bbox 245 832 1437 874; baseline 0.003 -11"><span class='ocrx_word' id='word_1_125' title='bbox 245 843 282 863; x_wconf 73' lang='lat' dir='ltr'><em>LA</em></span> <span class='ocrx_word' id='word_1_126' title='bbox 290 844 423 867; x_wconf 69' lang='lat' dir='ltr'><em>vuvson·</em></span> <span class='ocrx_word' id='word_1_127' title='bbox 439 844 494 864; x_wconf 80' lang='lat' dir='ltr'><em>DEI</em></span> <span class='ocrx_word' id='word_1_128' title='bbox 519 834 575 864; x_wconf 82' lang='lat' dir='ltr'><em>aut</em></span> <span class='ocrx_word' id='word_1_129' title='bbox 601 832 667 864; x_wconf 87' lang='lat' dir='ltr'><em>ideo</em></span> <span class='ocrx_word' id='word_1_130' title='bbox 694 832 903 874; x_wconf 77' lang='lat' dir='ltr'><em>sinyulariter,</em></span> <span class='ocrx_word' id='word_1_131' title='bbox 931 834 1006 873; x_wconf 77' lang='lat' dir='ltr'><em>quia</em></span> <span class='ocrx_word' id='word_1_132' title='bbox 1035 834 1069 865; x_wconf 89' lang='lat' dir='ltr'><em>in</em></span> <span class='ocrx_word' id='word_1_133' title='bbox 1091 833 1170 865; x_wconf 91' lang='lat' dir='ltr'><em>Delo</em></span> <span class='ocrx_word' id='word_1_134' title='bbox 1199 834 1304 866; x_wconf 85' lang='lat' dir='ltr'><em>insula</em></span> <span class='ocrx_word' id='word_1_135' title='bbox 1327 835 1437 867; x_wconf 81' lang='lat' dir='ltr'><em>laurus</em></span> 
     </span>
     <span class='ocr_line' id='line_1_15' title="bbox 155 884 1436 927; baseline 0.003 -11"><span class='ocrx_word' id='word_1_136' title='bbox 155 884 300 925; x_wconf 77' lang='lat' dir='ltr'><em>Apollini</em></span> <span class='ocrx_word' id='word_1_137' title='bbox 321 887 495 916; x_wconf 83' lang='lat' dir='ltr'><em>consecrata</em></span> <span class='ocrx_word' id='word_1_138' title='bbox 518 887 576 923; x_wconf 83' lang='lat' dir='ltr'><em>est;</em></span> <span class='ocrx_word' id='word_1_139' title='bbox 606 888 663 917; x_wconf 90' lang='lat' dir='ltr'><em>aut</em></span> <span class='ocrx_word' id='word_1_140' title='bbox 684 886 786 917; x_wconf 87' lang='lat' dir='ltr'><em>lucum</em></span> <span class='ocrx_word' id='word_1_141' title='bbox 809 886 899 924; x_wconf 86' lang='lat' dir='ltr'><em>dicit‚·</em></span> <span class='ocrx_word' id='word_1_142' title='bbox 930 889 987 918; x_wconf 87' lang='lat' dir='ltr'><em>aut</em></span> <span class='ocrx_word' id='word_1_143' title='bbox 1008 887 1083 927; x_wconf 80' lang='lat' dir='ltr'><em>quia</em></span> <span class='ocrx_word' id='word_1_144' title='bbox 1106 888 1252 926; x_wconf 76' lang='lat' dir='ltr'><em>traditur,</em></span> <span class='ocrx_word' id='word_1_145' title='bbox 1279 888 1436 920; x_wconf 82' lang='lat' dir='ltr'><em>Latonam</em></span> 
     </span>
     <span class='ocr_line' id='line_1_16' title="bbox 154 938 1435 980; baseline 0.003 -11"><span class='ocrx_word' id='word_1_146' title='bbox 154 938 234 970; x_wconf 85' lang='lat' dir='ltr'><em>duas</em></span> <span class='ocrx_word' id='word_1_147' title='bbox 262 938 372 970; x_wconf 80' lang='lat' dir='ltr'><em>laurus</em></span> <span class='ocrx_word' id='word_1_148' title='bbox 398 939 573 979; x_wconf 78' lang='lat' dir='ltr'><em>amplexam</em></span> <span class='ocrx_word' id='word_1_149' title='bbox 604 938 748 970; x_wconf 79' lang='lat' dir='ltr'><em>Dianam</em></span> <span class='ocrx_word' id='word_1_150' title='bbox 775 941 803 970; x_wconf 91' lang='lat' dir='ltr'><em>et</em></span> <span class='ocrx_word' id='word_1_151' title='bbox 829 939 1007 980; x_wconf 77' lang='lat' dir='ltr'><em>Apollinem</em></span> <span class='ocrx_word' id='word_1_152' title='bbox 1035 940 1168 972; x_wconf 74' lang='lat' dir='ltr'><em>enioeam.</em></span> <span class='ocrx_word' id='word_1_153' title='bbox 1220 941 1333 980; x_wconf 84' lang='lat' dir='ltr'><em>fabula</em></span> <span class='ocrx_word' id='word_1_154' title='bbox 1359 952 1435 974; x_wconf 87' lang='lat' dir='ltr'><em>sanc</em></span> 
     </span>
     <span class='ocr_line' id='line_1_17' title="bbox 155 991 1436 1036; baseline 0.003 -13"><span class='ocrx_word' id='word_1_155' title='bbox 155 991 191 1023; x_wconf 86' lang='lat' dir='ltr'><em>de</em></span> <span class='ocrx_word' id='word_1_156' title='bbox 213 991 302 1023; x_wconf 87' lang='lat' dir='ltr'><em>lauro</em></span> <span class='ocrx_word' id='word_1_157' title='bbox 325 991 398 1023; x_wconf 78' lang='lat' dir='ltr'><em>talis·</em></span> <span class='ocrx_word' id='word_1_158' title='bbox 420 994 480 1023; x_wconf 83' lang='lat' dir='ltr'><em>est:</em></span> <span class='ocrx_word' id='word_1_159' title='bbox 504 991 638 1032; x_wconf 80' lang='lat' dir='ltr'><em>Daphne</em></span> <span class='ocrx_word' id='word_1_160' title='bbox 666 991 777 1034; x_wconf 88' lang='lat' dir='ltr'><em>Penei,</em></span> <span class='ocrx_word' id='word_1_161' title='bbox 800 992 845 1024; x_wconf 84' lang='lat' dir='ltr'><em>vel</em></span> <span class='ocrx_word' id='word_1_162' title='bbox 867 995 903 1024; x_wconf 91' lang='lat' dir='ltr'><em>ut</em></span> <span class='ocrx_word' id='word_1_163' title='bbox 924 993 984 1024; x_wconf 87' lang='lat' dir='ltr'><em>alii</em></span> <span class='ocrx_word' id='word_1_164' title='bbox 1006 993 1112 1025; x_wconf 84' lang='lat' dir='ltr'><em>dicunt</em></span> <span class='ocrx_word' id='word_1_165' title='bbox 1133 993 1274 1026; x_wconf 89' lang='lat' dir='ltr'><em>Ladonis</em></span> <span class='ocrx_word' id='word_1_166' title='bbox 1295 995 1373 1036; x_wconf 75' lang='lat' dir='ltr'><em>filia,</em></span> <span class='ocrx_word' id='word_1_167' title='bbox 1397 995 1436 1027; x_wconf 90' lang='lat' dir='ltr'><em>ab</em></span> 
     </span>
     <span class='ocr_line' id='line_1_18' title="bbox 155 1044 1437 1089; baseline 0.004 -13"><span class='ocrx_word' id='word_1_168' title='bbox 155 1044 302 1085; x_wconf 80' lang='lat' dir='ltr'><em>Apolline</em></span> <span class='ocrx_word' id='word_1_169' title='bbox 329 1045 478 1076; x_wconf 86' lang='lat' dir='ltr'><em>adamata</em></span> <span class='ocrx_word' id='word_1_170' title='bbox 501 1047 552 1077; x_wconf 86' lang='lat' dir='ltr'><em>est.</em></span> <span class='ocrx_word' id='word_1_171' title='bbox 586 1055 606 1076; x_wconf 89' lang='lat' dir='ltr'><em>a</em></span> <span class='ocrx_word' id='word_1_172' title='bbox 628 1056 691 1086; x_wconf 76' lang='lat' dir='ltr'><em>qua</em></span> <span class='ocrx_word' id='word_1_173' title='bbox 714 1056 786 1077; x_wconf 84' lang='lat' dir='ltr'><em>cum</em></span> <span class='ocrx_word' id='word_1_174' title='bbox 805 1046 947 1086; x_wconf 76' lang='lat' dir='ltr'><em>precibus</em></span> <span class='ocrx_word' id='word_1_175' title='bbox 969 1049 999 1078; x_wconf 93' lang='lat' dir='ltr'><em>et</em></span> <span class='ocrx_word' id='word_1_176' title='bbox 1018 1047 1184 1087; x_wconf 74' lang='lat' dir='ltr'><em>promissis</em></span> <span class='ocrx_word' id='word_1_177' title='bbox 1206 1057 1270 1079; x_wconf 88' lang='lat' dir='ltr'><em>non</em></span> <span class='ocrx_word' id='word_1_178' title='bbox 1286 1049 1437 1089; x_wconf 79' lang='lat' dir='ltr'><em>potuisset</em></span> 
     </span>
     <span class='ocr_line' id='line_1_19' title="bbox 154 1097 1434 1141; baseline 0.003 -12"><span class='ocrx_word' id='word_1_179' title='bbox 154 1097 267 1138; x_wconf 84' lang='lat' dir='ltr'><em>Apollo</em></span> <span class='ocrx_word' id='word_1_180' title='bbox 294 1100 330 1130; x_wconf 89' lang='lat' dir='ltr'><em>ut</em></span> <span class='ocrx_word' id='word_1_181' title='bbox 355 1108 456 1130; x_wconf 84' lang='lat' dir='ltr'><em>secum</em></span> <span class='ocrx_word' id='word_1_182' title='bbox 484 1098 689 1130; x_wconf 79' lang='lat' dir='ltr'><em>concumberet</em></span> <span class='ocrx_word' id='word_1_183' title='bbox 715 1099 893 1140; x_wconf 85' lang='lat' dir='ltr'><em>impetrare,</em></span> <span class='ocrx_word' id='word_1_184' title='bbox 920 1099 984 1131; x_wconf 84' lang='lat' dir='ltr'><em>vim</em></span> <span class='ocrx_word' id='word_1_185' title='bbox 1011 1100 1039 1131; x_wconf 84' lang='lat' dir='ltr'><em>ei</em></span> <span class='ocrx_word' id='word_1_186' title='bbox 1066 1099 1208 1132; x_wconf 85' lang='lat' dir='ltr'><em>adhibere</em></span> <span class='ocrx_word' id='word_1_187' title='bbox 1235 1103 1361 1133; x_wconf 84' lang='lat' dir='ltr'><em>conatus</em></span> <span class='ocrx_word' id='word_1_188' title='bbox 1383 1105 1434 1141; x_wconf 85' lang='lat' dir='ltr'><em>cst,</em></span> 
     </span>
     <span class='ocr_line' id='line_1_20' title="bbox 154 1151 1433 1195; baseline 0.004 -13"><span class='ocrx_word' id='word_1_189' title='bbox 154 1161 281 1192; x_wconf 72' lang='lat' dir='ltr'><em>cumque</em></span> <span class='ocrx_word' id='word_1_190' title='bbox 303 1162 371 1183; x_wconf 89' lang='lat' dir='ltr'><em>eam</em></span> <span class='ocrx_word' id='word_1_191' title='bbox 393 1152 601 1192; x_wconf 80' lang='lat' dir='ltr'><em>insequeretur</em></span> <span class='ocrx_word' id='word_1_192' title='bbox 622 1154 651 1183; x_wconf 92' lang='lat' dir='ltr'><em>et</em></span> <span class='ocrx_word' id='word_1_193' title='bbox 672 1151 730 1183; x_wconf 88' lang='lat' dir='ltr'><em>illa</em></span> <span class='ocrx_word' id='word_1_194' title='bbox 746 1151 869 1193; x_wconf 58' lang='lat' dir='ltr'><em>fugiens</em></span> <span class='ocrx_word' id='word_1_195' title='bbox 887 1153 1041 1192; x_wconf 79' lang='lat' dir='ltr'><em>defecisset</em></span> <span class='ocrx_word' id='word_1_196' title='bbox 1059 1153 1186 1195; x_wconf 85' lang='lat' dir='ltr'><em>lassata,</em></span> <span class='ocrx_word' id='word_1_197' title='bbox 1210 1156 1308 1186; x_wconf 89' lang='lat' dir='ltr'><em>terrae</em></span> <span class='ocrx_word' id='word_1_198' title='bbox 1326 1155 1433 1195; x_wconf 87' lang='lat' dir='ltr'><em>implo-</em></span> 
     </span>
     <span class='ocr_line' id='line_1_21' title="bbox 153 1204 1431 1247; baseline 0.003 -11"><span class='ocrx_word' id='word_1_199' title='bbox 153 1205 236 1236; x_wconf 83' lang='lat' dir='ltr'><em>ravit</em></span> <span class='ocrx_word' id='word_1_200' title='bbox 258 1204 422 1237; x_wconf 76' lang='lat' dir='ltr'><em>auxilium.</em></span> <span class='ocrx_word' id='word_1_201' title='bbox 454 1215 549 1245; x_wconf 80' lang='lat' dir='ltr'><em>quam</em></span> <span class='ocrx_word' id='word_1_202' title='bbox 572 1207 655 1236; x_wconf 86' lang='lat' dir='ltr'><em>terra</em></span> <span class='ocrx_word' id='word_1_203' title='bbox 677 1205 766 1237; x_wconf 84' lang='lat' dir='ltr'><em>hiatu</em></span> <span class='ocrx_word' id='word_1_204' title='bbox 786 1205 869 1245; x_wconf 81' lang='lat' dir='ltr'><em>facto</em></span> <span class='ocrx_word' id='word_1_205' title='bbox 892 1206 1001 1246; x_wconf 87' lang='lat' dir='ltr'><em>recepit</em></span> <span class='ocrx_word' id='word_1_206' title='bbox 1022 1208 1051 1238; x_wconf 90' lang='lat' dir='ltr'><em>et</em></span> <span class='ocrx_word' id='word_1_207' title='bbox 1065 1217 1127 1247; x_wconf 89' lang='lat' dir='ltr'><em>pro</em></span> <span class='ocrx_word' id='word_1_208' title='bbox 1150 1217 1185 1238; x_wconf 89' lang='lat' dir='ltr'><em>ea</em></span> <span class='ocrx_word' id='word_1_209' title='bbox 1208 1208 1348 1239; x_wconf 82' lang='lat' dir='ltr'><em>arborem</em></span> <span class='ocrx_word' id='word_1_210' title='bbox 1371 1209 1431 1240; x_wconf 76' lang='lat' dir='ltr'><em>edi-</em></span> 
     </span>
     <span class='ocr_line' id='line_1_22' title="bbox 153 1257 1433 1302; baseline 0.004 -13"><span class='ocrx_word' id='word_1_211' title='bbox 153 1258 208 1296; x_wconf 86' lang='lat' dir='ltr'><em>dit,</em></span> <span class='ocrx_word' id='word_1_212' title='bbox 225 1268 304 1299; x_wconf 80' lang='lat' dir='ltr'><em>quae</em></span> <span class='ocrx_word' id='word_1_213' title='bbox 318 1257 434 1290; x_wconf 82' lang='lat' dir='ltr'><em>Graece</em></span> <span class='ocrx_word' id='word_1_214' title='bbox 451 1268 562 1290; x_wconf 84' lang='lat' dir='ltr'><em>nomen</em></span> <span class='ocrx_word' id='word_1_215' title='bbox 581 1268 673 1290; x_wconf 83' lang='lat' dir='ltr'><em>suum</em></span> <span class='ocrx_word' id='word_1_216' title='bbox 691 1259 827 1299; x_wconf 86' lang='lat' dir='ltr'><em>retinuit,</em></span> <span class='ocrx_word' id='word_1_217' title='bbox 850 1259 963 1291; x_wconf 89' lang='lat' dir='ltr'><em>Latine</em></span> <span class='ocrx_word' id='word_1_218' title='bbox 983 1260 1091 1292; x_wconf 85' lang='lat' dir='ltr'><em>laurus</em></span> <span class='ocrx_word' id='word_1_219' title='bbox 1108 1261 1230 1292; x_wconf 79' lang='lat' dir='ltr'><em>dicitur.</em></span> <span class='ocrx_word' id='word_1_220' title='bbox 1254 1262 1307 1293; x_wconf 87' lang='lat' dir='ltr'><em>sed</em></span> <span class='ocrx_word' id='word_1_221' title='bbox 1319 1262 1433 1302; x_wconf 87' lang='lat' dir='ltr'><em>Apollo</em></span> 
     </span>
     <span class='ocr_line' id='line_1_23' title="bbox 153 1303 1432 1356; baseline 0.002 -12"><span class='ocrx_word' id='word_1_222' title='bbox 153 1321 221 1344; x_wconf 83' lang='lat' dir='ltr'><em>eam</em></span> <span class='ocrx_word' id='word_1_223' title='bbox 244 1311 337 1343; x_wconf 86' lang='lat' dir='ltr'><em>etiam</em></span> <span class='ocrx_word' id='word_1_224' title='bbox 359 1314 512 1343; x_wconf 86' lang='lat' dir='ltr'><em>mutatam</em></span> <span class='ocrx_word' id='word_1_225' title='bbox 531 1303 580 1343; x_wconf 63' lang='grc' dir='ltr'><em>Ῑίία</em></span> <span class='ocrx_word' id='word_1_226' title='bbox 603 1312 722 1352; x_wconf 72' lang='lat' dir='ltr'><em>dilexit,</em></span> <span class='ocrx_word' id='word_1_227' title='bbox 750 1314 786 1344; x_wconf 90' lang='lat' dir='ltr'><em>ut</em></span> <span class='ocrx_word' id='word_1_228' title='bbox 808 1312 918 1344; x_wconf 88' lang='lat' dir='ltr'><em>tutelae</em></span> <span class='ocrx_word' id='word_1_229' title='bbox 940 1323 1014 1344; x_wconf 85' lang='lat' dir='ltr'><em>suae</em></span> <span class='ocrx_word' id='word_1_230' title='bbox 1036 1313 1218 1345; x_wconf 72' lang='lat' dir='ltr'><em>adscriberet</em></span> <span class='ocrx_word' id='word_1_231' title='bbox 1240 1314 1432 1356; x_wconf 75' lang='lat' dir='ltr'><em>efficeretque,</em></span> 
     </span>
     <span class='ocr_line' id='line_1_24' title="bbox 153 1365 1432 1409; baseline 0.004 -13"><span class='ocrx_word' id='word_1_232' title='bbox 153 1367 190 1397; x_wconf 88' lang='lat' dir='ltr'><em>ut</em></span> <span class='ocrx_word' id='word_1_233' title='bbox 209 1367 333 1406; x_wconf 85' lang='lat' dir='ltr'><em>propter</em></span> <span class='ocrx_word' id='word_1_234' title='bbox 355 1365 563 1406; x_wconf 75' lang='lat' dir='ltr'><em>m&#39;rqinitatem</em></span> <span class='ocrx_word' id='word_1_235' title='bbox 585 1368 738 1407; x_wconf 84' lang='lat' dir='ltr'><em>servatam</em></span> <span class='ocrx_word' id='word_1_236' title='bbox 760 1375 878 1406; x_wconf 83' lang='lat' dir='ltr'><em>semper</em></span> <span class='ocrx_word' id='word_1_237' title='bbox 899 1366 1016 1398; x_wconf 82' lang='lat' dir='ltr'><em>vireret.</em></span> <span class='ocrx_word' id='word_1_238' title='bbox 1098 1379 1212 1399; x_wconf 62' lang='lat' dir='ltr'><em>novem</em></span> <span class='ocrx_word' id='word_1_239' title='bbox 1232 1369 1306 1408; x_wconf 81' lang='lat' dir='ltr'><em>quia</em></span> <span class='ocrx_word' id='word_1_240' title='bbox 1330 1370 1432 1409; x_wconf 86' lang='lat' dir='ltr'><em>opinio</em></span> 
     </span>
     <span class='ocr_line' id='line_1_25' title="bbox 153 1418 854 1459; baseline 0 -9"><span class='ocrx_word' id='word_1_241' title='bbox 153 1420 197 1451; x_wconf 89' lang='lat' dir='ltr'><em>est</em></span> <span class='ocrx_word' id='word_1_242' title='bbox 217 1418 272 1450; x_wconf 80' lang='lat' dir='ltr'><em>sub</em></span> <span class='ocrx_word' id='word_1_243' title='bbox 295 1419 427 1450; x_wconf 80' lang='lat' dir='ltr'><em>adventu</em></span> <span class='ocrx_word' id='word_1_244' title='bbox 449 1419 574 1450; x_wconf 89' lang='lat' dir='ltr'><em>deorum</em></span> <span class='ocrx_word' id='word_1_245' title='bbox 597 1419 711 1450; x_wconf 85' lang='lat' dir='ltr'><em>moveri</em></span> <span class='ocrx_word' id='word_1_246' title='bbox 734 1419 854 1459; x_wconf 90' lang='lat' dir='ltr'><em>templa.</em></span> 
     </span>
    </p>

    <p class='ocr_par' dir='ltr' id='par_1_5' title="bbox 151 1470 1432 1886">
     <span class='ocr_line' id='line_1_26' title="bbox 242 1470 1429 1515; baseline 0.003 -12"><span class='ocrx_word' id='word_1_247' title='bbox 242 1472 294 1504; x_wconf 82' lang='lat'><em>92.</em></span> <span class='ocrx_word' id='word_1_248' title='bbox 331 1480 467 1504; x_wconf 70' lang='lat' dir='ltr'><em>novum</em></span> <span class='ocrx_word' id='word_1_249' title='bbox 482 1480 576 1504; x_wconf 78' lang='lat' dir='ltr'>MONS</span> <span class='ocrx_word' id='word_1_250' title='bbox 592 1470 756 1513; x_wconf 86' lang='lat' dir='ltr'><em>Cynthus:</em></span> <span class='ocrx_word' id='word_1_251' title='bbox 780 1472 862 1504; x_wconf 86' lang='lat' dir='ltr'><em>unde</em></span> <span class='ocrx_word' id='word_1_252' title='bbox 878 1471 1039 1514; x_wconf 74' lang='lat' dir='ltr'><em>Cynthius</em></span> <span class='ocrx_word' id='word_1_253' title='bbox 1055 1473 1184 1515; x_wconf 89' lang='lat' dir='ltr'><em>Apollo.</em></span> <span class='ocrx_word' id='word_1_254' title='bbox 1276 1484 1429 1507; x_wconf 82' lang='lat' dir='ltr'><em>CORTINA</em></span> 
     </span>
     <span class='ocr_line' id='line_1_27' title="bbox 152 1525 1431 1570; baseline 0.003 -14"><span class='ocrx_word' id='word_1_255' title='bbox 152 1525 243 1557; x_wconf 90' lang='lat' dir='ltr'><em>Iocus</em></span> <span class='ocrx_word' id='word_1_256' title='bbox 266 1525 350 1557; x_wconf 86' lang='lat' dir='ltr'><em>unde</em></span> <span class='ocrx_word' id='word_1_257' title='bbox 374 1525 541 1557; x_wconf 89' lang='lat' dir='ltr'><em>oraculum</em></span> <span class='ocrx_word' id='word_1_258' title='bbox 565 1525 668 1557; x_wconf 85' lang='lat' dir='ltr'><em>datur.</em></span> <span class='ocrx_word' id='word_1_259' title='bbox 714 1525 829 1557; x_wconf 88' lang='lat' dir='ltr'><em>dicitur</em></span> <span class='ocrx_word' id='word_1_260' title='bbox 854 1528 963 1558; x_wconf 86' lang='lat' dir='ltr'><em>autem</em></span> <span class='ocrx_word' id='word_1_261' title='bbox 987 1528 1125 1569; x_wconf 82' lang='lat' dir='ltr'><em>cortina,</em></span> <span class='ocrx_word' id='word_1_262' title='bbox 1149 1528 1200 1559; x_wconf 85' lang='lat' dir='ltr'><em>vel</em></span> <span class='ocrx_word' id='word_1_263' title='bbox 1224 1529 1309 1570; x_wconf 89' lang='lat' dir='ltr'><em>quod</em></span> <span class='ocrx_word' id='word_1_264' title='bbox 1333 1529 1431 1570; x_wconf 89' lang='lat' dir='ltr'><em>Apol-</em></span> 
     </span>
     <span class='ocr_line' id='line_1_28' title="bbox 153 1578 1432 1623; baseline 0.003 -13"><span class='ocrx_word' id='word_1_265' title='bbox 153 1578 229 1610; x_wconf 87' lang='lat' dir='ltr'><em>linis</em></span> <span class='ocrx_word' id='word_1_266' title='bbox 248 1578 352 1620; x_wconf 89' lang='lat' dir='ltr'><em>tripos</em></span> <span class='ocrx_word' id='word_1_267' title='bbox 371 1579 459 1611; x_wconf 87' lang='lat' dir='ltr'><em>corio</em></span> <span class='ocrx_word' id='word_1_268' title='bbox 474 1578 634 1620; x_wconf 88' lang='lat' dir='ltr'><em>Pythonis</em></span> <span class='ocrx_word' id='word_1_269' title='bbox 654 1580 759 1611; x_wconf 85' lang='lat' dir='ltr'><em>tectus</em></span> <span class='ocrx_word' id='word_1_270' title='bbox 780 1581 842 1621; x_wconf 85' lang='lat' dir='ltr'><em>est,</em></span> <span class='ocrx_word' id='word_1_271' title='bbox 866 1580 917 1611; x_wconf 85' lang='lat' dir='ltr'><em>vel</em></span> <span class='ocrx_word' id='word_1_272' title='bbox 942 1580 1027 1621; x_wconf 90' lang='lat' dir='ltr'><em>quod</em></span> <span class='ocrx_word' id='word_1_273' title='bbox 1050 1583 1139 1613; x_wconf 83' lang='lat' dir='ltr'><em>certa</em></span> <span class='ocrx_word' id='word_1_274' title='bbox 1162 1581 1254 1613; x_wconf 86' lang='lat' dir='ltr'><em>illinc</em></span> <span class='ocrx_word' id='word_1_275' title='bbox 1277 1593 1432 1623; x_wconf 81' lang='lat' dir='ltr'><em>responsa</em></span> 
     </span>
     <span class='ocr_line' id='line_1_29' title="bbox 153 1631 1431 1676; baseline 0.003 -13"><span class='ocrx_word' id='word_1_276' title='bbox 153 1631 346 1674; x_wconf 82' lang='lat' dir='ltr'><em>funduntur,</em></span> <span class='ocrx_word' id='word_1_277' title='bbox 377 1632 472 1674; x_wconf 79' lang='lat' dir='ltr'><em>quasi</em></span> <span class='ocrx_word' id='word_1_278' title='bbox 495 1632 631 1674; x_wconf 84' lang='lat' dir='ltr'><em>certina,</em></span> <span class='ocrx_word' id='word_1_279' title='bbox 660 1632 728 1674; x_wconf 85' lang='lat' dir='ltr'><em>vel,</em></span> <span class='ocrx_word' id='word_1_280' title='bbox 753 1633 838 1674; x_wconf 88' lang='lat' dir='ltr'><em>quod</em></span> <span class='ocrx_word' id='word_1_281' title='bbox 862 1635 911 1665; x_wconf 88' lang='lat' dir='ltr'><em>est</em></span> <span class='ocrx_word' id='word_1_282' title='bbox 935 1633 1056 1675; x_wconf 84' lang='lat' dir='ltr'><em>verius,</em></span> <span class='ocrx_word' id='word_1_283' title='bbox 1080 1634 1156 1676; x_wconf 90' lang='lat' dir='ltr'><em>quia</em></span> <span class='ocrx_word' id='word_1_284' title='bbox 1180 1646 1234 1666; x_wconf 86' lang='lat' dir='ltr'><em>cor</em></span> <span class='ocrx_word' id='word_1_285' title='bbox 1257 1635 1325 1666; x_wconf 88' lang='lat' dir='ltr'><em>illic</em></span> <span class='ocrx_word' id='word_1_286' title='bbox 1347 1636 1431 1667; x_wconf 85' lang='lat' dir='ltr'><em>vatis</em></span> 
     </span>
     <span class='ocr_line' id='line_1_30' title="bbox 152 1685 1430 1730; baseline 0.003 -14"><span class='ocrx_word' id='word_1_287' title='bbox 152 1685 295 1717; x_wconf 82' lang='lat' dir='ltr'><em>tenetur:</em></span> <span class='ocrx_word' id='word_1_288' title='bbox 328 1696 404 1717; x_wconf 82' lang='lat' dir='ltr'><em>nam</em></span> <span class='ocrx_word' id='word_1_289' title='bbox 428 1696 566 1718; x_wconf 82' lang='lat' dir='ltr'><em>caverna</em></span> <span class='ocrx_word' id='word_1_290' title='bbox 589 1686 746 1728; x_wconf 83' lang='lat' dir='ltr'><em>quaedam</em></span> <span class='ocrx_word' id='word_1_291' title='bbox 770 1686 804 1718; x_wconf 90' lang='lat' dir='ltr'><em>in</em></span> <span class='ocrx_word' id='word_1_292' title='bbox 826 1687 950 1728; x_wconf 86' lang='lat' dir='ltr'><em>templo</em></span> <span class='ocrx_word' id='word_1_293' title='bbox 975 1688 1139 1729; x_wconf 85' lang='lat' dir='ltr'><em>Apollinis</em></span> <span class='ocrx_word' id='word_1_294' title='bbox 1164 1688 1239 1729; x_wconf 87' lang='lat' dir='ltr'><em>fuit,</em></span> <span class='ocrx_word' id='word_1_295' title='bbox 1270 1689 1310 1720; x_wconf 89' lang='lat' dir='ltr'><em>ad</em></span> <span class='ocrx_word' id='word_1_296' title='bbox 1334 1700 1430 1730; x_wconf 87' lang='lat' dir='ltr'><em>quam</em></span> 
     </span>
     <span class='ocr_line' id='line_1_31' title="bbox 151 1730 1430 1782; baseline 0.003 -13"><span class='ocrx_word' id='word_1_297' title='bbox 151 1737 299 1770; x_wconf 86' lang='lat' dir='ltr'><em>Phoebas</em></span> <span class='ocrx_word' id='word_1_298' title='bbox 327 1740 423 1779; x_wconf 84' lang='lat' dir='ltr'><em>rapta</em></span> <span class='ocrx_word' id='word_1_299' title='bbox 450 1730 703 1780; x_wconf 66' lang='lat' dir='ltr'><em>vaticinabatur,</em></span> <span class='ocrx_word' id='word_1_300' title='bbox 736 1741 773 1771; x_wconf 89' lang='lat' dir='ltr'><em>ut</em></span> <span class='ocrx_word' id='word_1_301' title='bbox 800 1739 949 1772; x_wconf 86' lang='lat' dir='ltr'><em>Lucanus</em></span> <span class='ocrx_word' id='word_1_302' title='bbox 978 1740 1029 1781; x_wconf 86' lang='lat' dir='ltr'><em>&lt;V</em></span> <span class='ocrx_word' id='word_1_303' title='bbox 1056 1741 1139 1782; x_wconf 82' lang='lat'>159&gt;</span> <span class='ocrx_word' id='word_1_304' title='bbox 1169 1742 1320 1773; x_wconf 76' lang='lat' dir='ltr'><em>ostendit.</em></span> <span class='ocrx_word' id='word_1_305' title='bbox 1372 1742 1430 1774; x_wconf 87' lang='lat' dir='ltr'><em>alii</em></span> 
     </span>
     <span class='ocr_line' id='line_1_32' title="bbox 152 1792 1431 1833; baseline 0.004 -11"><span class='ocrx_word' id='word_1_306' title='bbox 152 1792 303 1823; x_wconf 82' lang='lat' dir='ltr'><em>cortinam</em></span> <span class='ocrx_word' id='word_1_307' title='bbox 327 1792 417 1832; x_wconf 79' lang='lat' dir='ltr'><em>qnasi</em></span> <span class='ocrx_word' id='word_1_308' title='bbox 440 1792 576 1824; x_wconf 85' lang='lat' dir='ltr'><em>ortinam</em></span> <span class='ocrx_word' id='word_1_309' title='bbox 599 1793 735 1831; x_wconf 84' lang='lat' dir='ltr'><em>tradunt,</em></span> <span class='ocrx_word' id='word_1_310' title='bbox 757 1794 839 1833; x_wconf 78' lang='lat' dir='ltr'><em>quod</em></span> <span class='ocrx_word' id='word_1_311' title='bbox 859 1794 931 1825; x_wconf 82' lang='lat' dir='ltr'><em>inde</em></span> <span class='ocrx_word' id='word_1_312' title='bbox 953 1804 1012 1825; x_wconf 78' lang='lat' dir='ltr'><em>vox</em></span> <span class='ocrx_word' id='word_1_313' title='bbox 1034 1795 1162 1826; x_wconf 75' lang='lat' dir='ltr'><em>oriatur.</em></span> <span class='ocrx_word' id='word_1_314' title='bbox 1292 1808 1362 1827; x_wconf 65' lang='lat' dir='ltr'><em>mccl</em></span> <span class='ocrx_word' id='word_1_315' title='bbox 1372 1808 1431 1827; x_wconf 74' lang='lat' dir='ltr'><em>VS1s</em></span> 
     </span>
     <span class='ocr_line' id='line_1_33' title="bbox 151 1845 735 1886; baseline 0.002 -10"><span class='ocrx_word' id='word_1_316' title='bbox 151 1855 234 1877; x_wconf 86' lang='lat' dir='ltr'><em>nunc</em></span> <span class='ocrx_word' id='word_1_317' title='bbox 255 1845 386 1886; x_wconf 74' lang='lat' dir='ltr'><em>apertis:</em></span> <span class='ocrx_word' id='word_1_318' title='bbox 410 1846 491 1878; x_wconf 88' lang='lat' dir='ltr'><em>alias</em></span> <span class='ocrx_word' id='word_1_319' title='bbox 513 1846 611 1877; x_wconf 88' lang='lat' dir='ltr'><em>denuo</em></span> <span class='ocrx_word' id='word_1_320' title='bbox 634 1846 735 1878; x_wconf 87' lang='lat' dir='ltr'><em>clusis.</em></span> 
     </span>
    </p>
   </div>
   <div class='ocr_carea' id='block_1_3' title="bbox 151 1907 364 1912">
    <p class='ocr_par' dir='ltr' id='par_1_6' title="bbox 151 1907 364 1912">
     <span class='ocr_line' id='line_1_34' title="bbox 151 1907 364 1912; baseline 0 0"><span class='ocrx_word' id='word_1_321' title='bbox 151 1907 364 1912; x_wconf 95' lang='lat' dir='ltr'><em> </em></span> 
     </span>
    </p>
   </div>
   <div class='ocr_carea' id='block_1_4' title="bbox 151 1933 1431 2074">
    <p class='ocr_par' dir='ltr' id='par_1_7' title="bbox 151 1933 1431 2074">
     <span class='ocr_line' id='line_1_35' title="bbox 226 1933 1430 1969; baseline 0.002 -10"><span class='ocrx_word' id='word_1_322' title='bbox 226 1935 241 1959; x_wconf 83' lang='grc'><strong>7</strong></span> <span class='ocrx_word' id='word_1_323' title='bbox 270 1941 324 1966; x_wconf 87' lang='lat' dir='ltr'><em>que</em></span> <span class='ocrx_word' id='word_1_324' title='bbox 343 1933 435 1959; x_wconf 86' lang='lat' dir='ltr'><em>brevis</em></span> <span class='ocrx_word' id='word_1_325' title='bbox 455 1934 498 1959; x_wconf 85' lang='lat' dir='ltr'><em>est</em></span> <span class='ocrx_word' id='word_1_326' title='bbox 516 1941 539 1960; x_wconf 85' lang='lat' dir='ltr'><em>e.</em></span> <span class='ocrx_word' id='word_1_327' title='bbox 559 1942 586 1966; x_wconf 88' lang='lat' dir='ltr'><em>q.</em></span> <span class='ocrx_word' id='word_1_328' title='bbox 606 1933 639 1968; x_wconf 81' lang='lat' dir='ltr'><em>s.]</em></span> <span class='ocrx_word' id='word_1_329' title='bbox 669 1934 704 1960; x_wconf 81' lang='lat' dir='ltr'><em>cf.</em></span> <span class='ocrx_word' id='word_1_330' title='bbox 720 1933 825 1960; x_wconf 83' lang='lat' dir='ltr'><em>Charis.</em></span> <span class='ocrx_word' id='word_1_331' title='bbox 845 1943 871 1968; x_wconf 88' lang='lat' dir='ltr'><em>p.</em></span> <span class='ocrx_word' id='word_1_332' title='bbox 889 1938 930 1967; x_wconf 88' lang='grc'><strong>13,</strong></span> <span class='ocrx_word' id='word_1_333' title='bbox 950 1938 966 1961; x_wconf 84' lang='grc'><strong>6</strong></span> <span class='ocrx_word' id='word_1_334' title='bbox 980 1935 1014 1961; x_wconf 90' lang='grc' dir='ltr'><em>Κ.</em></span> <span class='ocrx_word' id='word_1_335' title='bbox 1033 1935 1114 1962; x_wconf 84' lang='lat' dir='ltr'><em>Prob.</em></span> <span class='ocrx_word' id='word_1_336' title='bbox 1134 1935 1159 1961; x_wconf 89' lang='lat' dir='ltr'><em>d.</em></span> <span class='ocrx_word' id='word_1_337' title='bbox 1180 1935 1229 1962; x_wconf 87' lang='lat' dir='ltr'><em>ult.</em></span> <span class='ocrx_word' id='word_1_338' title='bbox 1250 1935 1310 1969; x_wconf 86' lang='lat' dir='ltr'><em>syll.</em></span> <span class='ocrx_word' id='word_1_339' title='bbox 1326 1945 1352 1969; x_wconf 83' lang='lat' dir='ltr'><em>p.</em></span> <span class='ocrx_word' id='word_1_340' title='bbox 1369 1939 1430 1968; x_wconf 80' lang='lat'><em>257,</em></span> 
     </span>
     <span class='ocr_line' id='line_1_36' title="bbox 155 1967 1430 2005; baseline 0.002 -11"><span class='ocrx_word' id='word_1_341' title='bbox 155 1971 186 1994; x_wconf 91' lang='lat' dir='ltr'><em>ll</em></span> <span class='ocrx_word' id='word_1_342' title='bbox 202 1967 235 1994; x_wconf 86' lang='lat' dir='ltr'><em>K.</em></span> <span class='ocrx_word' id='word_1_343' title='bbox 255 1967 324 1994; x_wconf 78' lang='lat' dir='ltr'><em>Mar.</em></span> <span class='ocrx_word' id='word_1_344' title='bbox 343 1968 416 1995; x_wconf 88' lang='lat' dir='ltr'><em>Vict.</em></span> <span class='ocrx_word' id='word_1_345' title='bbox 437 1978 462 2003; x_wconf 87' lang='lat' dir='ltr'><em>p.</em></span> <span class='ocrx_word' id='word_1_346' title='bbox 477 1972 520 2002; x_wconf 86' lang='lat'><em>30,</em></span> <span class='ocrx_word' id='word_1_347' title='bbox 540 1969 603 1995; x_wconf 80' lang='lat' dir='ltr'><em>6-K.</em></span> <span class='ocrx_word' id='word_1_348' title='bbox 618 1970 627 2002; x_wconf 83' lang='grc' dir='ltr'><em>ΙΙ</em></span> <span class='ocrx_word' id='word_1_349' title='bbox 642 1972 675 1995; x_wconf 80' lang='lat'><em>26</em></span> <span class='ocrx_word' id='word_1_350' title='bbox 690 1969 792 1995; x_wconf 84' lang='lat' dir='ltr'><em>dicitur</em></span> <span class='ocrx_word' id='word_1_351' title='bbox 811 1971 905 1995; x_wconf 70' lang='lat' dir='ltr'><em>autem</em></span> <span class='ocrx_word' id='word_1_352' title='bbox 920 1978 943 1997; x_wconf 80' lang='lat' dir='ltr'><em>e.</em></span> <span class='ocrx_word' id='word_1_353' title='bbox 959 1979 984 2004; x_wconf 92' lang='lat' dir='ltr'><em>q.</em></span> <span class='ocrx_word' id='word_1_354' title='bbox 1001 1970 1034 2005; x_wconf 91' lang='lat' dir='ltr'><em>s.]</em></span> <span class='ocrx_word' id='word_1_355' title='bbox 1051 1979 1135 1997; x_wconf 83' lang='lat' dir='ltr'><em>exscr.</em></span> <span class='ocrx_word' id='word_1_356' title='bbox 1152 1971 1291 2005; x_wconf 80' lang='lat' dir='ltr'><em>mythogr</em></span> <span class='ocrx_word' id='word_1_357' title='bbox 1303 1972 1340 1997; x_wconf 91' lang='lat'><em>111</em></span> <span class='ocrx_word' id='word_1_358' title='bbox 1356 1975 1380 2004; x_wconf 85' lang='grc'><em>8,</em></span> <span class='ocrx_word' id='word_1_359' title='bbox 1397 1975 1411 1997; x_wconf 85' lang='grc'>5</span> <span class='ocrx_word' id='word_1_360' title='bbox 1428 1987 1430 2002; x_wconf 50' lang='lat'>³</span> 
     </span>
     <span class='ocr_line' id='line_1_37' title="bbox 152 2003 1431 2040; baseline 0.002 -11"><span class='ocrx_word' id='word_1_361' title='bbox 152 2003 292 2036; x_wconf 86' lang='lat' dir='ltr'><em>Apollinis</em></span> <span class='ocrx_word' id='word_1_362' title='bbox 310 2003 398 2038; x_wconf 79' lang='lat' dir='ltr'><em>tripos</em></span> <span class='ocrx_word' id='word_1_363' title='bbox 419 2025 424 2030; x_wconf 95' lang='lat'><em>.</em></span> <span class='ocrx_word' id='word_1_364' title='bbox 446 2025 451 2030; x_wconf 94' lang='lat'><em>.</em></span> <span class='ocrx_word' id='word_1_365' title='bbox 472 2025 477 2030; x_wconf 97' lang='lat'><em>.</em></span> <span class='ocrx_word' id='word_1_366' title='bbox 498 2005 588 2030; x_wconf 81' lang='lat' dir='ltr'><em>tectus</em></span> <span class='ocrx_word' id='word_1_367' title='bbox 608 2004 663 2039; x_wconf 84' lang='lat' dir='ltr'><em>est]</em></span> <span class='ocrx_word' id='word_1_368' title='bbox 684 2004 718 2031; x_wconf 78' lang='lat' dir='ltr'><em>cf,</em></span> <span class='ocrx_word' id='word_1_369' title='bbox 738 2005 815 2032; x_wconf 85' lang='lat' dir='ltr'><em>Luct.</em></span> <span class='ocrx_word' id='word_1_370' title='bbox 835 2004 911 2031; x_wconf 85' lang='lat' dir='ltr'><em>Plac.</em></span> <span class='ocrx_word' id='word_1_371' title='bbox 931 2006 967 2032; x_wconf 86' lang='lat' dir='ltr'><em>ad</em></span> <span class='ocrx_word' id='word_1_372' title='bbox 986 2005 1056 2032; x_wconf 84' lang='lat' dir='ltr'><em>Stat.</em></span> <span class='ocrx_word' id='word_1_373' title='bbox 1077 2006 1165 2033; x_wconf 87' lang='lat' dir='ltr'><em>Theb.</em></span> <span class='ocrx_word' id='word_1_374' title='bbox 1185 2007 1197 2032; x_wconf 88' lang='lat' dir='ltr'><em>l</em></span> <span class='ocrx_word' id='word_1_375' title='bbox 1217 2009 1267 2033; x_wconf 82' lang='lat'><em>509</em></span> <span class='ocrx_word' id='word_1_376' title='bbox 1282 2008 1291 2040; x_wconf 79' lang='grc' dir='ltr'><em>ΙΙ</em></span> <span class='ocrx_word' id='word_1_377' title='bbox 1311 2009 1343 2033; x_wconf 80' lang='lat'><em>28</em></span> <span class='ocrx_word' id='word_1_378' title='bbox 1364 2007 1431 2040; x_wconf 83' lang='lat' dir='ltr'><em>quia</em></span> 
     </span>
     <span class='ocr_line' id='line_1_38' title="bbox 151 2037 918 2074; baseline 0.004 -10"><span class='ocrx_word' id='word_1_379' title='bbox 151 2046 200 2064; x_wconf 85' lang='lat' dir='ltr'><em>cor</em></span> <span class='ocrx_word' id='word_1_380' title='bbox 217 2037 276 2065; x_wconf 87' lang='lat' dir='ltr'><em>illic</em></span> <span class='ocrx_word' id='word_1_381' title='bbox 295 2039 367 2066; x_wconf 76' lang='lat' dir='ltr'><em>vatis</em></span> <span class='ocrx_word' id='word_1_382' title='bbox 386 2039 508 2074; x_wconf 87' lang='lat' dir='ltr'><em>tenetur]</em></span> <span class='ocrx_word' id='word_1_383' title='bbox 529 2039 563 2066; x_wconf 86' lang='lat' dir='ltr'><em>cf.</em></span> <span class='ocrx_word' id='word_1_384' title='bbox 584 2039 672 2066; x_wconf 88' lang='lat' dir='ltr'><em>Varro</em></span> <span class='ocrx_word' id='word_1_385' title='bbox 692 2040 717 2067; x_wconf 92' lang='lat' dir='ltr'><em>d.</em></span> <span class='ocrx_word' id='word_1_386' title='bbox 737 2040 755 2066; x_wconf 90' lang='lat' dir='ltr'><em>l.</em></span> <span class='ocrx_word' id='word_1_387' title='bbox 775 2040 793 2067; x_wconf 91' lang='lat' dir='ltr'><em>l.</em></span> <span class='ocrx_word' id='word_1_388' title='bbox 813 2040 864 2066; x_wconf 88' lang='lat' dir='ltr'><em>Vll</em></span> <span class='ocrx_word' id='word_1_389' title='bbox 884 2043 918 2067; x_wconf 88' lang='lat'><em>48</em></span> 
     </span>
    </p>
   </div>
   <div class='ocr_carea' id='block_1_5' title="bbox 151 2092 363 2096">
    <p class='ocr_par' dir='ltr' id='par_1_8' title="bbox 151 2092 363 2096">
     <span class='ocr_line' id='line_1_39' title="bbox 151 2092 363 2096; baseline 0 0"><span class='ocrx_word' id='word_1_390' title='bbox 151 2092 363 2096; x_wconf 95' lang='lat' dir='ltr'><em> </em></span> 
     </span>
    </p>
   </div>
   <div class='ocr_carea' id='block_1_6' title="bbox 151 2118 1429 2367">
    <p class='ocr_par' dir='ltr' id='par_1_9' title="bbox 151 2118 1429 2367">
     <span class='ocr_line' id='line_1_40' title="bbox 224 2118 1429 2156; baseline 0.003 -11"><span class='ocrx_word' id='word_1_391' title='bbox 224 2121 237 2144; x_wconf 94' lang='lat'>1</span> <span class='ocrx_word' id='word_1_392' title='bbox 258 2118 392 2146; x_wconf 77' lang='lat' dir='ltr'><em>radicitus</em></span> <span class='ocrx_word' id='word_1_393' title='bbox 410 2120 550 2146; x_wconf 65' lang='lat' dir='ltr'><em>Ambros:</em></span> <span class='ocrx_word' id='word_1_394' title='bbox 569 2119 710 2146; x_wconf 84' lang='lat' dir='ltr'><em>radicibus</em></span> <span class='ocrx_word' id='word_1_395' title='bbox 727 2119 758 2146; x_wconf 88' lang='lat' dir='ltr'><strong><em>F</em></strong></span> <span class='ocrx_word' id='word_1_396' title='bbox 769 2120 778 2154; x_wconf 86' lang='grc' dir='ltr'><em>ΙΙ</em></span> <span class='ocrx_word' id='word_1_397' title='bbox 792 2122 809 2146; x_wconf 87' lang='lat'>4</span> <span class='ocrx_word' id='word_1_398' title='bbox 827 2120 887 2146; x_wconf 90' lang='lat' dir='ltr'><em>fieri</em></span> <span class='ocrx_word' id='word_1_399' title='bbox 906 2123 968 2147; x_wconf 87' lang='lat' dir='ltr'><em>ante</em></span> <span class='ocrx_word' id='word_1_400' title='bbox 987 2121 1077 2148; x_wconf 86' lang='lat' dir='ltr'><em>videri</em></span> <span class='ocrx_word' id='word_1_401' title='bbox 1096 2130 1145 2148; x_wconf 89' lang='lat' dir='ltr'><em>om.</em></span> <span class='ocrx_word' id='word_1_402' title='bbox 1163 2122 1193 2148; x_wconf 88' lang='lat' dir='ltr'><em>F</em></span> <span class='ocrx_word' id='word_1_403' title='bbox 1204 2123 1213 2156; x_wconf 79' lang='lat' dir='ltr'>ss</span> <span class='ocrx_word' id='word_1_404' title='bbox 1227 2125 1242 2148; x_wconf 83' lang='lat'>5</span> <span class='ocrx_word' id='word_1_405' title='bbox 1262 2122 1319 2156; x_wconf 87' lang='lat' dir='ltr'><em>ars]</em></span> <span class='ocrx_word' id='word_1_406' title='bbox 1340 2131 1357 2148; x_wconf 89' lang='lat' dir='ltr'><em>a</em></span> <span class='ocrx_word' id='word_1_407' title='bbox 1375 2123 1429 2149; x_wconf 86' lang='lat' dir='ltr'><em>Ro-</em></span> 
     </span>
     <span class='ocr_line' id='line_1_41' title="bbox 152 2153 1429 2191; baseline 0.002 -11"><span class='ocrx_word' id='word_1_408' title='bbox 152 2153 242 2180; x_wconf 76' lang='lat' dir='ltr'><em>manis</em></span> <span class='ocrx_word' id='word_1_409' title='bbox 260 2161 336 2187; x_wconf 75' lang='lat' dir='ltr'><em>supr.</em></span> <span class='ocrx_word' id='word_1_410' title='bbox 354 2163 421 2182; x_wconf 79' lang='lat' dir='ltr'><em>vers.</em></span> <span class='ocrx_word' id='word_1_411' title='bbox 442 2156 504 2182; x_wconf 83' lang='lat' dir='ltr'><em>add.</em></span> <span class='ocrx_word' id='word_1_412' title='bbox 525 2155 542 2188; x_wconf 86' lang='lat'><em>1,</em></span> <span class='ocrx_word' id='word_1_413' title='bbox 562 2156 661 2189; x_wconf 83' lang='lat' dir='ltr'><em>recepit</em></span> <span class='ocrx_word' id='word_1_414' title='bbox 681 2155 836 2182; x_wconf 80' lang='lat' dir='ltr'><em>Masvicius</em></span> <span class='ocrx_word' id='word_1_415' title='bbox 849 2156 859 2189; x_wconf 78' lang='grc' dir='ltr'><em>ΙΙ</em></span> <span class='ocrx_word' id='word_1_416' title='bbox 873 2156 985 2183; x_wconf 84' lang='lat' dir='ltr'><em>exclusa</em></span> <span class='ocrx_word' id='word_1_417' title='bbox 1004 2157 1093 2183; x_wconf 88' lang='lat' dir='ltr'><em>omnis</em></span> <span class='ocrx_word' id='word_1_418' title='bbox 1114 2157 1144 2183; x_wconf 85' lang='lat' dir='ltr'><em>F</em></span> <span class='ocrx_word' id='word_1_419' title='bbox 1154 2158 1164 2191; x_wconf 87' lang='grc'><em>11</em></span> <span class='ocrx_word' id='word_1_420' title='bbox 1178 2157 1268 2184; x_wconf 82' lang='lat' dir='ltr'><em>narali</em></span> <span class='ocrx_word' id='word_1_421' title='bbox 1288 2157 1338 2190; x_wconf 73' lang='lat' dir='ltr'><em>Fu</em></span> <span class='ocrx_word' id='word_1_422' title='bbox 1352 2161 1367 2183; x_wconf 89' lang='grc'><strong>6</strong></span> <span class='ocrx_word' id='word_1_423' title='bbox 1388 2157 1429 2183; x_wconf 87' lang='lat' dir='ltr'><em>hi-</em></span> 
     </span>
     <span class='ocr_line' id='line_1_42' title="bbox 154 2188 1429 2226; baseline 0.002 -11"><span class='ocrx_word' id='word_1_424' title='bbox 154 2188 252 2223; x_wconf 75' lang='lat' dir='ltr'><em>storia]</em></span> <span class='ocrx_word' id='word_1_425' title='bbox 276 2189 408 2223; x_wconf 84' lang='lat' dir='ltr'><em>quocirca</em></span> <span class='ocrx_word' id='word_1_426' title='bbox 431 2192 460 2217; x_wconf 85' lang='lat' dir='ltr'><em>et</em></span> <span class='ocrx_word' id='word_1_427' title='bbox 478 2190 550 2217; x_wconf 88' lang='lat' dir='ltr'><em>Dido</em></span> <span class='ocrx_word' id='word_1_428' title='bbox 569 2190 712 2217; x_wconf 80' lang='lat' dir='ltr'><em>inducitur</em></span> <span class='ocrx_word' id='word_1_429' title='bbox 730 2190 824 2217; x_wconf 87' lang='lat' dir='ltr'><em>dicens</em></span> <span class='ocrx_word' id='word_1_430' title='bbox 843 2190 892 2224; x_wconf 90' lang='lat' dir='ltr'><em>(IV</em></span> <span class='ocrx_word' id='word_1_431' title='bbox 912 2193 975 2225; x_wconf 84' lang='lat'>493)</span> <span class='ocrx_word' id='word_1_432' title='bbox 996 2192 1131 2226; x_wconf 79' lang='lat' dir='ltr'><em>‘magicas</em></span> <span class='ocrx_word' id='word_1_433' title='bbox 1150 2193 1269 2219; x_wconf 88' lang='lat' dir='ltr'><em>invitam</em></span> <span class='ocrx_word' id='word_1_434' title='bbox 1289 2192 1429 2226; x_wconf 85' lang='lat' dir='ltr'><em>accingier</em></span> 
     </span>
     <span class='ocr_line' id='line_1_43' title="bbox 153 2224 1427 2262; baseline 0.002 -11"><span class='ocrx_word' id='word_1_435' title='bbox 153 2224 240 2251; x_wconf 68' lang='lat' dir='ltr'><em>arbes&#39;</em></span> <span class='ocrx_word' id='word_1_436' title='bbox 260 2225 323 2251; x_wconf 80' lang='lat' dir='ltr'><em>add.</em></span> <span class='ocrx_word' id='word_1_437' title='bbox 343 2225 373 2251; x_wconf 91' lang='lat' dir='ltr'><em>D</em></span> <span class='ocrx_word' id='word_1_438' title='bbox 390 2226 400 2259; x_wconf 72' lang='lat' dir='ltr'>fl</span> <span class='ocrx_word' id='word_1_439' title='bbox 419 2229 433 2252; x_wconf 82' lang='lat'>7</span> <span class='ocrx_word' id='word_1_440' title='bbox 454 2226 528 2260; x_wconf 85' lang='lat' dir='ltr'><em>quod</em></span> <span class='ocrx_word' id='word_1_441' title='bbox 546 2226 585 2252; x_wconf 90' lang='lat' dir='ltr'><em>L:</em></span> <span class='ocrx_word' id='word_1_442' title='bbox 604 2234 676 2259; x_wconf 83' lang='lat' dir='ltr'><em>quae</em></span> <span class='ocrx_word' id='word_1_443' title='bbox 695 2226 795 2260; x_wconf 79' lang='lat' dir='ltr'><em>reliqui</em></span> <span class='ocrx_word' id='word_1_444' title='bbox 811 2227 821 2260; x_wconf 82' lang='grc' dir='ltr'><em>ΙΙ</em></span> <span class='ocrx_word' id='word_1_445' title='bbox 839 2229 854 2252; x_wconf 85' lang='grc'><strong>9</strong></span> <span class='ocrx_word' id='word_1_446' title='bbox 874 2227 984 2253; x_wconf 86' lang='lat' dir='ltr'><em>morion</em></span> <span class='ocrx_word' id='word_1_447' title='bbox 1002 2228 1068 2254; x_wconf 78' lang='lat' dir='ltr'><em>libri</em></span> <span class='ocrx_word' id='word_1_448' title='bbox 1086 2229 1095 2262; x_wconf 83' lang='grc' dir='ltr'><em>ΙΙ</em></span> <span class='ocrx_word' id='word_1_449' title='bbox 1115 2231 1147 2254; x_wconf 87' lang='grc'><em>10</em></span> <span class='ocrx_word' id='word_1_450' title='bbox 1167 2228 1210 2254; x_wconf 89' lang='lat' dir='ltr'><em>sui</em></span> <span class='ocrx_word' id='word_1_451' title='bbox 1229 2227 1427 2262; x_wconf 82' lang='lat' dir='ltr'><em>substantiam]</em></span> 
     </span>
     <span class='ocr_line' id='line_1_44' title="bbox 154 2259 1428 2296; baseline 0.002 -11"><span class='ocrx_word' id='word_1_452' title='bbox 154 2259 172 2286; x_wconf 77' lang='lat' dir='ltr'><em>i.</em></span> <span class='ocrx_word' id='word_1_453' title='bbox 192 2267 215 2286; x_wconf 88' lang='lat' dir='ltr'><em>e.</em></span> <span class='ocrx_word' id='word_1_454' title='bbox 235 2261 381 2287; x_wconf 76' lang='lat' dir='ltr'><em>accentum</em></span> <span class='ocrx_word' id='word_1_455' title='bbox 399 2269 516 2295; x_wconf 86' lang='lat' dir='ltr'><em>supersr.</em></span> <span class='ocrx_word' id='word_1_456' title='bbox 536 2270 576 2294; x_wconf 87' lang='lat' dir='ltr'><em>m,</em></span> <span class='ocrx_word' id='word_1_457' title='bbox 599 2261 617 2288; x_wconf 91' lang='lat' dir='ltr'><em>i.</em></span> <span class='ocrx_word' id='word_1_458' title='bbox 637 2270 660 2288; x_wconf 92' lang='lat' dir='ltr'><em>e.</em></span> <span class='ocrx_word' id='word_1_459' title='bbox 687 2271 766 2288; x_wconf 87' lang='lat' dir='ltr'><em>suum</em></span> <span class='ocrx_word' id='word_1_460' title='bbox 786 2263 932 2288; x_wconf 84' lang='lat' dir='ltr'><em>accentum</em></span> <span class='ocrx_word' id='word_1_461' title='bbox 950 2271 964 2289; x_wconf 93' lang='lat' dir='ltr'><em>e</em></span> <span class='ocrx_word' id='word_1_462' title='bbox 989 2263 999 2296; x_wconf 75' lang='lat' dir='ltr'><em>l}</em></span> <span class='ocrx_word' id='word_1_463' title='bbox 1028 2266 1060 2289; x_wconf 86' lang='lat'><em>14</em></span> <span class='ocrx_word' id='word_1_464' title='bbox 1079 2263 1174 2289; x_wconf 90' lang='lat' dir='ltr'><em>lucum</em></span> <span class='ocrx_word' id='word_1_465' title='bbox 1193 2263 1309 2289; x_wconf 83' lang='lat' dir='ltr'><em>Daniel:</em></span> <span class='ocrx_word' id='word_1_466' title='bbox 1336 2263 1428 2289; x_wconf 87' lang='lat' dir='ltr'><em>locum</em></span> 
     </span>
     <span class='ocr_line' id='line_1_45' title="bbox 154 2294 1428 2332; baseline 0.002 -11"><span class='ocrx_word' id='word_1_467' title='bbox 154 2294 184 2320; x_wconf 88' lang='lat' dir='ltr'><em>F</em></span> <span class='ocrx_word' id='word_1_468' title='bbox 195 2295 205 2328; x_wconf 75' lang='grc' dir='ltr'><em>ΙΙ</em></span> <span class='ocrx_word' id='word_1_469' title='bbox 218 2297 252 2322; x_wconf 79' lang='grc'><em>22</em></span> <span class='ocrx_word' id='word_1_470' title='bbox 270 2295 378 2322; x_wconf 58' lang='lat' dir='ltr'><em>nitelae</em></span> <span class='ocrx_word' id='word_1_471' title='bbox 396 2305 462 2324; x_wconf 74' lang='lat' dir='ltr'><em>suae</em></span> <span class='ocrx_word' id='word_1_472' title='bbox 481 2306 531 2324; x_wconf 87' lang='lat' dir='ltr'><em>om.</em></span> <span class='ocrx_word' id='word_1_473' title='bbox 546 2297 648 2323; x_wconf 86' lang='lat' dir='ltr'><em>Daniel</em></span> <span class='ocrx_word' id='word_1_474' title='bbox 663 2297 672 2330; x_wconf 89' lang='grc' dir='ltr'><em>ΙΙ</em></span> <span class='ocrx_word' id='word_1_475' title='bbox 687 2300 719 2323; x_wconf 82' lang='lat'><em>27</em></span> <span class='ocrx_word' id='word_1_476' title='bbox 739 2297 826 2331; x_wconf 80' lang='lat' dir='ltr'><em>tripes</em></span> <span class='ocrx_word' id='word_1_477' title='bbox 843 2297 878 2323; x_wconf 84' lang='lat' dir='ltr'><em>M</em></span> <span class='ocrx_word' id='word_1_478' title='bbox 883 2306 895 2323; x_wconf 90' lang='lat' dir='ltr'><em>e</em></span> <span class='ocrx_word' id='word_1_479' title='bbox 914 2298 1004 2332; x_wconf 87' lang='lat' dir='ltr'><em>tripus</em></span> <span class='ocrx_word' id='word_1_480' title='bbox 1020 2299 1176 2325; x_wconf 73' lang='lat' dir='ltr'><em>Blasvicius</em></span> <span class='ocrx_word' id='word_1_481' title='bbox 1195 2301 1219 2324; x_wconf 88' lang='lat' dir='ltr'><em>et</em></span> <span class='ocrx_word' id='word_1_482' title='bbox 1232 2298 1428 2324; x_wconf 57' lang='lat' dir='ltr'><em>Burmannus*</em></span> 
     </span>
     <span class='ocr_line' id='line_1_46' title="bbox 151 2329 1305 2367; baseline 0.003 -11"><span class='ocrx_word' id='word_1_483' title='bbox 151 2332 185 2356; x_wconf 83' lang='lat'><em>29</em></span> <span class='ocrx_word' id='word_1_484' title='bbox 199 2329 324 2357; x_wconf 86' lang='lat' dir='ltr'><em>tenditur</em></span> <span class='ocrx_word' id='word_1_485' title='bbox 335 2331 370 2357; x_wconf 81' lang='lat' dir='ltr'><em>M</em></span> <span class='ocrx_word' id='word_1_486' title='bbox 375 2331 405 2357; x_wconf 87' lang='lat' dir='ltr'><strong><em>E</em></strong></span> <span class='ocrx_word' id='word_1_487' title='bbox 418 2333 539 2366; x_wconf 82' lang='lat' dir='ltr'><em>(tenetur</em></span> <span class='ocrx_word' id='word_1_488' title='bbox 548 2333 585 2366; x_wconf 88' lang='lat' dir='ltr'><em>m)</em></span> <span class='ocrx_word' id='word_1_489' title='bbox 599 2333 609 2366; x_wconf 73' lang='lat'><em>1}</em></span> <span class='ocrx_word' id='word_1_490' title='bbox 623 2332 772 2367; x_wconf 83' lang='lat' dir='ltr'><em>quaedam]</em></span> <span class='ocrx_word' id='word_1_491' title='bbox 787 2332 901 2366; x_wconf 84' lang='lat' dir='ltr'><em>quidem</em></span> <span class='ocrx_word' id='word_1_492' title='bbox 912 2332 943 2359; x_wconf 80' lang='lat' dir='ltr'><strong><em>F</em></strong></span> <span class='ocrx_word' id='word_1_493' title='bbox 953 2334 963 2367; x_wconf 82' lang='lat' dir='ltr'>ss</span> <span class='ocrx_word' id='word_1_494' title='bbox 977 2336 1010 2360; x_wconf 89' lang='lat'><em>30</em></span> <span class='ocrx_word' id='word_1_495' title='bbox 1025 2334 1148 2361; x_wconf 85' lang='lat' dir='ltr'><em>ostendit</em></span> <span class='ocrx_word' id='word_1_496' title='bbox 1160 2334 1190 2360; x_wconf 91' lang='lat' dir='ltr'><em>in</em></span> <span class='ocrx_word' id='word_1_497' title='bbox 1199 2334 1223 2360; x_wconf 92' lang='lat' dir='ltr'>V</span> <span class='ocrx_word' id='word_1_498' title='bbox 1235 2334 1271 2359; x_wconf 88' lang='lat' dir='ltr'><em>M</em></span> <span class='ocrx_word' id='word_1_499' title='bbox 1275 2333 1305 2359; x_wconf 87' lang='grc' dir='ltr'><em>Ε</em></span> 
     </span>
    </p>
   </div>
   <div class='ocr_carea' id='block_1_7' title="bbox 1458 415 1474 438">
    <p class='ocr_par' dir='ltr' id='par_1_10' title="bbox 1458 415 1474 438">
     <span class='ocr_line' id='line_1_47' title="bbox 1458 415 1474 438; baseline 0 0"><span class='ocrx_word' id='word_1_500' title='bbox 1458 415 1474 438; x_wconf 86' lang='lat'>5</span> 
     </span>
    </p>
   </div>
   <div class='ocr_carea' id='block_1_8' title="bbox 1459 682 1491 705">
    <p class='ocr_par' dir='ltr' id='par_1_11' title="bbox 1459 682 1491 705">
     <span class='ocr_line' id='line_1_48' title="bbox 1459 682 1491 705; baseline 0 0"><span class='ocrx_word' id='word_1_501' title='bbox 1459 682 1491 705; x_wconf 94' lang='lat'><em>10</em></span> 
     </span>
    </p>
   </div>
   <div class='ocr_carea' id='block_1_9' title="bbox 1456 948 1486 971">
    <p class='ocr_par' dir='ltr' id='par_1_12' title="bbox 1456 948 1486 971">
     <span class='ocr_line' id='line_1_49' title="bbox 1456 948 1486 971; baseline 0 0"><span class='ocrx_word' id='word_1_502' title='bbox 1456 948 1486 971; x_wconf 89' lang='lat'><em>15</em></span> 
     </span>
    </p>
   </div>
   <div class='ocr_carea' id='block_1_10' title="bbox 1451 1216 1485 1239">
    <p class='ocr_par' dir='ltr' id='par_1_13' title="bbox 1451 1216 1485 1239">
     <span class='ocr_line' id='line_1_50' title="bbox 1451 1216 1485 1239; baseline 0 0"><span class='ocrx_word' id='word_1_503' title='bbox 1451 1216 1485 1239; x_wconf 81' lang='lat'><em>20</em></span> 
     </span>
    </p>
   </div>
   <div class='ocr_carea' id='block_1_11' title="bbox 1450 1482 1483 1505">
    <p class='ocr_par' dir='ltr' id='par_1_14' title="bbox 1450 1482 1483 1505">
     <span class='ocr_line' id='line_1_51' title="bbox 1450 1482 1483 1505; baseline 0 0"><span class='ocrx_word' id='word_1_504' title='bbox 1450 1482 1483 1505; x_wconf 80' lang='lat'><em>25</em></span> 
     </span>
    </p>
   </div>
   <div class='ocr_carea' id='block_1_12' title="bbox 1449 1750 1483 1772">
    <p class='ocr_par' dir='ltr' id='par_1_15' title="bbox 1449 1750 1483 1772">
     <span class='ocr_line' id='line_1_52' title="bbox 1449 1750 1483 1772; baseline 0 0"><span class='ocrx_word' id='word_1_505' title='bbox 1449 1750 1483 1772; x_wconf 85' lang='lat'><em>30</em></span> 
     </span>
    </p>
   </div>
  </div>
 </body>
</html>
