1630 2684
487 106 601 134 COMM.
620 107 660 134 IN
678 107 786 134 VERG.
807 108 889 135 AEN.
910 109 942 135 ΙΙ.
963 112 1077 136 38-49.
1355 84 1420 142 Δ223

138 197 256 220 errores
278 187 434 220 Homerus
455 190 542 220 notos
564 188 706 221 omnibus
726 189 807 228 fecit.
852 190 888 221 de
910 189 964 221 hoc
987 201 1102 232 quoque
1124 191 1190 223 alia
1214 191 1323 231 fabula
1345 202 1420 223 nar-

138 242 236 272 ratur.
277 251 353 273 nam
374 251 444 274 cum
462 241 606 273 Ithacam
622 245 696 282 posi
716 252 833 274 errores
853 242 963 282 fuisset
984 254 1133 283 reversus,
1156 245 1307 277 invenisse
1329 244 1422 277 Pana

136 293 238 333 fertur
266 294 302 326 in
325 294 491 335 penatibus·
518 295 596 334 suis,
626 296 680 335 qui
710 296 823 327 dicitur
852 306 889 327 ex
917 296 1066 337 Penelope
1095 301 1123 329 ei
1146 299 1252 339 procis
1281 299 1421 330 omnibus

138 349 244 388 nauus,
266 347 344 379 sicut
365 348 467 388 ipsum
489 358 599 380 nomen
617 348 690 380 Pan
713 349 832 380 videtur
853 349 1026 381 declarare:
1049 361 1237 391 quamquam
1260 352 1318 383 alii
1340 351 1421 383 hunc

139 400 175 432 de
192 395 362 441 Mercurio,
385 401 439 441 qui
457 402 492 433 in
514 402 634 434 hircum
653 404 790 434 mutatus
813 412 880 434 cum
904 403 1052 444 Penelope
1077 405 1288 446 concubuerat,
1311 408 1421 436 natum
1440 412 1455 435 5

136 453 249 493 femmt.
293 453 346 485 sed
373 452 480 486 Ulioees
496 457 697 495 posteaquam
720 455 885 495 deformem
903 467 1037 497 puerum
1059 458 1148 498 vidit,
1170 458 1285 499 fuyisse
1308 459 1421 489 dieitur

138 507 174 538 in
195 516 320 539 errores.
357 510 484 539 necatur
506 511 608 540 autem
631 509 676 540 vel
698 511 856 547 senectute,
879 509 925 540 vel
950 509 1092 551 Teleyoni
1114 511 1176 551 filii
1198 521 1295 543 manu
1318 511 1421 543 aculeo

111 570 114 572 ·
136 560 278 591 marinae
300 560 403 592 beluae
425 561 582 593 eoetinctus.
628 562 742 594 dieitur
769 563 864 603 enim,
893 573 962 594 cum
985 564 1127 596 continuo
1154 564 1285 606 fuyeret,
1313 575 1333 595 a
1356 565 1421 596 Mi-

135 622 230 644 nerva
252 613 287 644 in
310 623 420 654 equina
443 617 589 646 mutatus.

224 666 276 698 46.
314 676 351 698 IN
375 676 483 699 LIGNO
507 668 589 699 bene
609 667 724 709 ‘ligno'
744 668 836 710 quasi
856 668 1065 711 dissuasofie,
1089 681 1154 702 non
1173 671 1360 712 simulacro,
1384 673 1420 703 ut
1440 678 1473 702 10

135 720 233 761 paulo
263 721 340 761 post
368 720 475 762 <232>
505 721 716 753 ducendum
749 722 793 753 ad
827 723 934 754 sedes
968 723 1227 756 simulacrum.
1278 736 1354 757 nam
1387 725 1420 756 in

135 773 285 805 suasione
309 774 360 805 vel
383 774 584 806 dissuasione
608 778 677 806 tam
701 786 814 807 sensus
839 787 936 817 quam
959 776 1058 808 verba
1082 778 1334 810 considerantur.

135 827 235 866 mono]
261 827 453 867 *adfectavit
475 828 758 868 tapinosindicens
781 827 912 869 ‘liynoae
941 830 1104 870 infirmare
1127 831 1209 862 enim
1231 831 1296 862 vult
1317 832 1420 871 fictam

134 889 238 912 eorum
259 879 477 922 reZiyionem*

222 933 274 965 47.
311 947 490 967 zzvsprcrvm
512 947 618 974 Bonos,
642 935 713 967 bene
732 935 945 976 ‘inspectura’;
969 937 1069 968 muris
1092 938 1174 968 enim
1191 938 1350 978 portisque
1372 939 1419 970 de-
1440 944 1472 968 15

132 985 230 1028 iectis,
258 987 312 1027 qui
334 989 420 1028 apud
444 988 572 1020 Troiam
594 988 649 1020 hoe
671 988 918 1021 machinamento
935 991 1080 1030 perrupti
1102 993 1187 1032 suni,
1217 1001 1332 1023 necesse
1355 994 1421 1023 erat

132 1039 236 1071 domos
254 1040 374 1080 inspici.
462 1055 616 1078 VENTVRAQ
623 1055 658 1074 νΕ
678 1054 809 1074 DESVPER
836 1055 905 1074 west
924 1042 979 1074 hoc
996 1045 1040 1075 est
1057 1054 1240 1084 oppressura
1259 1045 1419 1076 civitatem.

222 1093 275 1125 48.
312 1107 374 1126 AVT
389 1107 509 1130 ALIQVIS
527 1108 622 1127 LATET
639 1109 732 1127 ERROR
754 1106 818 1127 non
840 1096 1016 1138 confirmat,
1040 1099 1075 1128 ut
1091 1097 1166 1137 plus
1188 1098 1223 1129 in
1241 1108 1273 1129 eo
1295 1098 1419 1137 fraudis

133 1146 273 1178 videabur
291 1157 364 1189 esse,
382 1158 477 1188 quam
498 1148 569 1188 fuit.
644 1157 762 1181 ERROR
781 1149 812 1180 id
833 1151 883 1180 est
903 1149 1009 1190 dolus,
1033 1151 1070 1180 ut
1088 1149 1156 1190 <VI
1171 1150 1235 1191 27>
1255 1150 1418 1182 inextri-

134 1199 277 1238 cabilis
302 1211 418 1233 error.
456 1203 489 1233 et
508 1204 558 1233 est
576 1203 682 1243 figura
701 1202 742 1234 ab
762 1213 800 1234 eo
821 1202 906 1244 quod
926 1202 1091 1244 praecedit
1107 1203 1140 1234 id
1159 1204 1243 1244 quod
1264 1204 1418 1246 sequitur.
1437 1211 1471 1234 20

135 1252 402 1295 distinguendum
422 1266 498 1287 sane
521 1254 643 1297 ‘error-⁹,
662 1257 695 1287 et
713 1256 759 1287 sic
779 1255 948 1288 dicendum
968 1255 1061 1298 ‘equo
1081 1267 1121 1287 ne
1142 1256 1262 1288 credite
1282 1256 1418 1288 Teucri’.

133 1305 212 1338 item
236 1306 405 1350 ‘quicquid
435 1308 466 1340 id
492 1310 555 1350 est,
583 1308 710 1350 timeo’,
737 1308 799 1341 hoc
828 1309 912 1340 enim
941 1309 1056 1341 melius
1081 1311 1139 1341 cst.
1229 1322 1306 1345 Ερνο
1327 1323 1421 1342 inm

133 1359 168 1391 id
188 1362 233 1392 est
254 1361 309 1392 sub
330 1371 406 1401 prae
439 1364 498 1407 &⁰⁷
521 1362 577 1394 sub
599 1363 695 1403 speeie
718 1363 795 1403 equi.
832 1363 891 1394 alii
914 1362 1010 1403 ‘equo'
1034 1363 1069 1394 in
1092 1373 1164 1403 equo
1188 1363 1349 1403 accipiunt.

133 1411 200 1455 (NE)
224 1426 348 1446 carons
373 1413 440 1457 (ne)
470 1415 622 1456 confidite,
654 1416 689 1447 id
715 1418 758 1447 est
784 1416 877 1447 nolite
904 1426 1008 1447 eorum
1037 1415 1185 1456 fiduciam
1211 1416 1332 1455 habere,
1364 1417 1418 1457 qui

132 1465 260 1498 iinaendi
281 1469 367 1506 suni,
391 1468 484 1500 etiam
507 1478 575 1500 eum
598 1468 680 1500 ultro
704 1468 839 1507 offerunt
860 1469 950 1500 dona.
1435 1477 1468 1499 25

221 1519 274 1551 49.
312 1533 449 1556 ρνισρνιο
471 1535 502 1554 to
523 1534 579 1554 ssi*
599 1521 712 1553 ‘timeo'
742 1522 843 1562 inquit
870 1521 1026 1562 ‘quiequid
1055 1524 1179 1555 omnino
1203 1524 1238 1555 in
1260 1534 1334 1564 equo
1358 1527 1416 1562 θεέ,-

132 1574 262 1604 ceterum
284 1572 430 1616 Danaos,
453 1575 546 1606 eiiam
569 1575 652 1606 dona
672 1574 823 1614 ferentes'.

204 1653 222 1677 4
241 1644 411 1685 quamquam
431 1674 436 1679 .
453 1675 459 1680 .
475 1675 481 1680 .
500 1655 599 1680 natum
618 1654 722 1689 ferunt]
743 1654 776 1681 cf.
797 1662 896 1681 comm.
915 1654 980 1681 Luc.
1002 1655 1040 1681 111
1059 1658 1110 1682 402
1124 1657 1134 1690 ΙΙ
1154 1659 1168 1682 7
1188 1657 1303 1682 necatur
1322 1657 1415 1682 autem

160 1708 166 1714 .
187 1708 193 1713 .
213 1686 363 1722 extinctus]
384 1688 418 1715 cf.
438 1688 540 1723 Hygin.
560 1689 616 1716 fab.
638 1693 687 1716 127

205 1761 219 1784 1
243 1759 327 1785 notus
346 1759 370 1786 0
391 1760 464 1793 quod
481 1761 513 1787 in
535 1760 641 1795 notius,
667 1763 725 1787 tum
747 1761 780 1787 in
802 1761 884 1787 notos
906 1761 1023 1787 mutavit
1041 1764 1174 1788 corrector
1196 1763 1205 1796 ΙΙ
1232 1765 1247 1788 2
1268 1771 1333 1788 nam
1353 1770 1415 1789 cum

759 1803 788 1825 cii
851 1805 872 1824 ci
887 1807 938 1828 post

131 1828 258 1855 Ithacam
279 1830 343 1863 post
367 1837 472 1856 errores
493 1831 663 1857 Masvicius:
687 1831 760 1857 Nam
778 1831 866 1866 itaclss
883 1839 990 1857 errores
1011 1831 1034 1857 0
1050 1831 1095 1863 (αὖ
1113 1834 1137 1857 et
1157 1831 1181 1858 ci
1200 1832 1265 1865 post
1281 1839 1414 1865 superscr.

134 1863 179 1898 0²)
207 1873 273 1891 nam
293 1873 355 1891 cum
375 1865 487 1892 Italiam
505 1868 571 1899 post
589 1874 695 1893 errores
714 1867 834 1893 enotavit
852 1866 999 1900 Scioppius
1022 1868 1031 1900 ΙΙ
1054 1870 1069 1892 3
1089 1866 1238 1901 penatibus
1258 1867 1305 1893 0²:
1331 1875 1415 1901 pane-

133 1899 209 1926 tibus
226 1899 269 1935 0ss
283 1903 299 1926 4
318 1909 479 1934 quanquam
495 1901 542 1928 0²:
562 1911 645 1935 quam
663 1901 685 1928 0
696 1903 706 1936 ΙΙ
720 1905 735 1928 6
755 1902 898 1928 deformen
914 1902 936 1928 Ο
948 1903 958 1936 ΙΙ
971 1902 1106 1935 refugisse
1126 1903 1195 1929 coni.
1211 1902 1394 1929 Burmannus
1407 1903 1416 1943 U

134 1938 148 1961 ’1
168 1936 289 1970 negatur
309 1936 331 1962 0
343 1937 352 1970 fl
370 1937 506 1970 telegonii
527 1936 550 1964 0
561 1938 570 1971 ΙΙ
589 1940 605 1964 8
625 1937 699 1963 enim
718 1946 767 1964 om.
785 1937 815 1970 0,
838 1946 970 1971 superscr.
989 1937 1023 1964 0²
1037 1938 1046 1971 ΙΙ
1066 1941 1099 1964 10
1118 1947 1197 1964 moso
1216 1938 1317 1965 merito
1336 1947 1415 1972 quasi

132 1971 276 1998 dissuasor
294 1971 451 1998 adfectauit
468 1973 610 2007 tapinosin
629 1973 723 1999 dicens
742 1973 833 2007 ligno,
858 1981 913 1999 non
933 1973 1082 2000 simulacro
1101 1973 1241 1999 infirmare
1261 1974 1335 2000 enim
1354 1974 1415 2000 uult

135 2006 226 2033 fictam
246 2015 341 2034 eorum
361 2007 527 2042 religionem
545 2009 577 2034 ut
595 2009 679 2042 paulo
699 2009 763 2042 post
779 2008 800 2034 0
812 2009 821 2042 ΙΙ
836 2008 1002 2035 dissuasorie
1019 2008 1090 2034 ME
1116 2009 1248 2035 desuasor
1261 2009 1287 2035 L
1306 2009 1414 2042 (dehor-

131 2042 208 2068 tator
225 2050 358 2076 superscr.
379 2044 399 2076 l)
427 2043 574 2070 desuasore
595 2044 628 2069 H
652 2044 686 2070 de
711 2052 823 2070 suasore
843 2044 946 2078 Reyius
963 2044 1125 2070 Burmanni
1147 2045 1156 2078 [Ι
1181 2047 1212 2071 12
1237 2044 1294 2079 vel]
1319 2047 1348 2072 et
1367 2045 1390 2071 0
1406 2045 1415 2080 ss

134 2079 166 2103 15
186 2077 223 2104 ad
241 2086 265 2104 υ.
285 2081 317 2105 47
339 2079 513 2114 Inspectum]
533 2080 587 2106 hoc
607 2080 650 2106 est
669 2087 833 2113 oppressura
852 2079 1004 2106 ciuitatem.
1026 2080 1053 2105 P
1070 2081 1079 2114 {l
1102 2079 1243 2114 portisque
1262 2088 1295 2106 em
1313 2081 1414 2114 postis-

129 2121 185 2146 que
206 2112 229 2139 0
244 2114 253 2147 ΙΙ
274 2117 306 2140 16
326 2114 379 2140 hoc
401 2114 448 2140 0²¹:
467 2115 520 2141 hac
540 2115 563 2141 0
579 2116 588 2148 ΙΙ
608 2118 640 2141 18
661 2116 697 2141 ad
715 2123 739 2141 v.
760 2117 793 2140 48
813 2115 909 2150 Error]
929 2115 957 2141 id
977 2116 1019 2142 est
1037 2115 1130 2148 dolus,
1150 2117 1182 2141 ut
1202 2115 1414 2142 ‘inextricabilis

132 2148 229 2175 error’.
250 2149 296 2182 ΡΙΙ
313 2152 344 2176 19
363 2150 436 2181 fugit
456 2150 479 2176 0
503 2150 589 2177 fuerit
608 2151 676 2176 coni.
692 2150 829 2183 Berykius
842 2151 852 2184 ΙΙ
866 2159 942 2177 error
960 2151 1055 2177 autem
1076 2150 1099 2177 0
1110 2151 1120 2184 ΙΙ
1134 2154 1165 2177 21
1187 2159 1263 2177 error
1282 2160 1348 2177 sane
1367 2152 1392 2177 L

133 2183 241 2210 Teucri.
272 2184 411 2218 Quicquid
429 2185 458 2211 id
478 2187 520 2212 est
538 2185 637 2220 timeo]
658 2186 806 2212 dicendum
822 2185 908 2219 Quid,
927 2185 955 2212 id
976 2187 1017 2212 est
1036 2186 1093 2213 sive
1108 2187 1212 2213 bonum
1228 2186 1284 2213 sive
1300 2187 1413 2220 malum,

133 2219 163 2244 et
179 2219 351 2254 iungendum
370 2229 433 2247 cum
452 2221 692 2255 praecedentibus.
730 2221 774 2247 vel
800 2221 1027 2256 distinguendum
1047 2223 1090 2248 est
1107 2222 1194 2248 timeo
1214 2222 1336 2248 Danaos:
1360 2222 1413 2254 vel,

133 2253 163 2280 id
181 2255 224 2281 est
242 2257 271 2281 et
289 2255 363 2283 dona
380 2256 509 2283 ferentes.
538 2257 592 2284 hoc
611 2257 685 2283 enirn
705 2256 804 2282 melius
824 2258 873 2283 est.
893 2257 1044 2284 Fabricius
1057 2258 1066 2291 ΙΙ
1081 2261 1114 2283 22
1130 2257 1179 2284 sed
1194 2257 1243 2283 alii
1258 2266 1328 2290 equo
1344 2258 1413 2284 latet

133 2290 252 2316 enotavit
270 2290 417 2325 Scioppius
435 2293 445 2326 ΙΙ
465 2295 499 2319 23
519 2293 570 2319 sub
589 2293 736 2326 praetexto
757 2292 804 2318 0²:
823 2301 923 2326 suprae
941 2293 1019 2319 texto
1040 2292 1063 2319 0
1078 2293 1087 2327 ΙΙ
1111 2293 1160 2319 alii
1179 2294 1277 2319 contra
1295 2293 1413 2319 enotavit

133 2324 280 2359 Scioppius
293 2327 302 2360 ΙΙ
317 2329 350 2353 26
369 2327 461 2361 inquit
479 2336 511 2354 ex
530 2328 627 2362 inquid
643 2327 665 2354 0
676 2328 685 2362 ΙΙ
699 2327 831 2361 quicquid
848 2327 894 2354 0²:
914 2328 982 2362 quid
1001 2328 1069 2361 quid
1084 2328 1128 2362 011
1142 2328 1254 2355 0111111110
1273 2336 1306 2354 ex
1325 2328 1411 2354 omni-
