1630 2684
0 1526 22 1975 ¹:1ae'jffbtssdtl‘ffissm531'm'w‘³”‘⁷¹⁹'⁴
0 1507 1 1510 Α
1 1478 5 1486 ‘
0 1451 1 1454 Α
3 1429 5 1433 ’
0 1367 2 1384 ‘⁴

419 178 532 206 COMM.
552 179 591 205 IN
609 179 718 206 VERG.
738 178 821 206 AEN.
841 180 860 206 Ι.
882 182 1031 207 206—211.
1322 179 1362 210 81

86 256 215 298 ‘aeger'
240 259 290 288 est
313 259 346 289 et
367 258 474 290 tristis
494 261 526 290 et
548 260 632 291 male
652 260 779 301 valens,
803 261 953 300 aegrotus
974 262 1082 291 autem
1103 260 1170 291 sive
1190 261 1364 301 aegrotans

84 310 309 342 tantummodo
332 311 416 342 male
440 312 561 344 valens.

175 364 247 395 209.
280 372 370 395 SPEM
395 364 572 407 laetitiam,
593 368 629 397 ut
649 376 747 406 spem
772 367 897 406 fronte
923 369 1087 398 serenat:
1116 368 1148 397 et
1176 369 1226 397 est
1254 367 1366 398 crebra

85 417 170 457 apud
198 416 380 458 Vergilium
409 418 527 459 figura,
558 430 639 460 quae
669 420 707 451 fit
738 419 887 460 quotiens
917 419 1117 461 significatur
1145 419 1186 450 ab
1216 430 1252 450 co
1282 420 1366 461 quod

83 469 247 511 praecedit
274 470 306 501 id
331 470 416 511 quod
441 472 599 513 sequitur,
627 483 703 504 nam
732 484 823 514 spem
851 473 978 505 laetitia
1007 473 1164 514 sequitur:
1194 483 1266 513 spes
1290 484 1366 504 vero

84 522 119 554 in
140 523 234 555 vultu
255 534 321 555 non
345 524 486 565 videtur,
511 525 567 556 sed
591 525 729 557 laetitia.
765 526 846 557 haec
870 528 977 558 autem
1002 526 1107 567 figura
1131 528 1163 556 et
1186 536 1280 557 versa
1299 526 1367 557 vice

83 575 134 617 fit,
166 578 203 608 ut
234 576 466 619 intellegamus
501 578 543 609 ab
577 589 616 610 eo
649 579 733 620 quod
766 579 913 621 sequitur
942 579 975 610 id
1005 579 1089 620 quod
1122 579 1297 619 praecedit,
1331 582 1368 610 ut

83 629 323 671 meritaeque
355 633 562 672 expectent
593 633 766 673 praemia
796 633 946 673 palmae
980 633 1123 674 palmam
1156 643 1215 673 pro
1248 632 1367 663 virtute

83 682 206 724 posuit,
229 694 311 725 quae
335 684 516 725 praemium
538 687 681 716 meretur
704 687 737 716 et
760 686 911 726 palmam.

172 736 246 768 210.
271 746 435 768 PRAEDAE
451 737 492 768 ad
506 738 675 779 praedam,
690 740 727 770 ut
746 738 987 780 inferretque
1007 738 1233 786 deos-Latio.
1310 748 1365 771 Ac-

84 797 238 820 CINGVNT
259 790 402 821 studiose
422 793 554 831 parant,
573 793 609 822 ut
629 791 709 823 alibi
729 792 936 833 accingunt
956 792 1078 833 operi3
1102 791 1261 823 accinctos
1282 792 1368 823 enim

83 841 261 874 industrios
280 843 430 884 dicimus,
453 845 490 875 ut
503 843 659 876 Horatius
679 845 800 876 altius
825 856 866 876 ac
889 856 957 877 nos
982 845 1219 886 praecinctis
1242 857 1368 887 unum,

84 895 167 927 sicut
191 898 322 928 econtra
345 896 551 938 neclegentes
575 897 749 929 discinctos
774 909 943 939 vocamus,
973 900 1007 930 ut
1032 898 1244 930 discinctos
1268 898 1365 930 Mul-

84 949 191 981 ciber
219 949 344 981 Afros.
439 959 659 988 DAPIBVSQVE
689 960 835 984 Fv'rvms
865 951 1037 984 ambitiose
1069 951 1151 982 dixit
1180 952 1264 993 quod
1294 954 1368 984 sunt

85 1003 171 1034 cervi
194 1003 292 1044 dapes
316 1003 454 1035 futurae.

170 1057 244 1088 211.
277 1065 442 1089 TERGORA
466 1060 578 1099 tergus
598 1058 753 1099 tergoris,
773 1058 857 1090 unde
877 1061 910 1090 et
929 1058 1101 1100 ‘tergora',
1127 1059 1248 1090 corium
1268 1059 1367 1100 signi-

81 1109 169 1151 ficat,
192 1112 322 1151 tergum
347 1121 423 1142 vero
447 1111 546 1152 tergi,
570 1113 607 1142 ut
630 1112 788 1153 templum
818 1112 946 1153 templi,
973 1112 1106 1143 dorsum
1131 1112 1307 1153 significat,
1331 1114 1367 1144 ut

82 1161 256 1195 Sallustius
281 1164 436 1195 scilicet
459 1164 550 1205 quia
572 1165 697 1206 tergis
722 1165 954 1197 abstinetur.
999 1166 1052 1197 sed
1078 1165 1150 1197 haec
1178 1176 1198 1196 a
1221 1165 1367 1197 veteribus

81 1216 360 1258 confumdebantur,
391 1220 427 1249 ut
457 1218 535 1249 alibi
568 1219 720 1250 taurino
752 1221 930 1258 quantum
955 1221 1107 1259 possent
1136 1219 1366 1250 circumdare

81 1272 188 1311 teryo.
233 1271 306 1302 item
332 1271 368 1303 in
395 1280 475 1303 nono
505 1272 642 1311 inyerit
668 1271 796 1304 hastas
823 1273 862 1303 in
890 1275 1021 1313 teryus.
1071 1273 1199 1313 quidam
1221 1283 1294 1304 mooe
1316 1273 1365 1303 de-

82 1325 181 1356 tracta
204 1325 289 1357 coria
302 1325 397 1365 pelles
414 1325 489 1365 dici,
512 1325 638 1356 subacta
661 1328 763 1357 autem
782 1328 810 1357 et
827 1327 892 1357 iam
911 1326 1061 1357 medicata
1079 1326 1163 1357 coria
1181 1326 1366 1366 appellanda

152 1442 168 1465 3
188 1439 279 1473 spem]
304 1439 335 1465 A.
356 1439 394 1465 1V
413 1442 464 1466 477
489 1441 498 1473 Η
522 1443 537 1466 8
561 1439 746 1474 meritaeque]
772 1440 803 1466 A.
830 1440 854 1465 V
879 1443 911 1466 70
934 1440 944 1473 l]
969 1443 1001 1466 10
1025 1439 1207 1474 inferretque]
1232 1441 1264 1466 A.
1288 1440 1300 1465 I
1324 1443 1366 1466 61³

82 1484 233 1501 AccmGVN'r
252 1474 375 1501 studiose
395 1483 418 1501 e.
433 1483 459 1508 q.
476 1475 510 1510 8.]
536 1475 569 1502 cf.
589 1475 659 1502 Don.
679 1475 715 1502 ad
734 1475 796 1501 Ter.
818 1483 879 1502 eun.
900 1475 924 1501 V
944 1478 968 1509 8,
988 1478 1022 1501 30
1046 1476 1075 1501 et
1097 1475 1209 1501 Phorm.
1230 1475 1254 1500 II
1274 1478 1304 1507 2,
1324 1478 1340 1501 4
1359 1478 1367 1509 111

85 1513 115 1536 11
137 1510 299 1544 accingunt]
319 1510 350 1536 A.
371 1511 396 1536 I[
416 1511 491 1543 23511
507 1514 538 1537 12
559 1511 703 1546 Horatius]
723 1512 774 1538 sat.
789 1511 802 1537 I
821 1514 845 1543 5,
866 1514 881 1537 5
896 1512 905 1544 ΙΙ
921 1514 952 1537 13
973 1511 1136 1545 discinctos]
1156 1511 1189 1536 A.
1209 1511 1273 1536 VIII
1294 1510 1368 1545 7241]

85 1549 117 1572 16
135 1546 231 1580 tergus
250 1545 368 1579 tergoris
387 1554 411 1572 e.
426 1554 451 1579 q.
468 1546 502 1581 s.]
523 1546 556 1573 cf.
573 1546 678 1572 Charis.
698 1556 724 1580 p.
741 1550 783 1578 71,
803 1549 837 1572 20
857 1547 886 1572 et
906 1549 965 1579 146,
984 1549 1000 1573 3
1020 1546 1053 1572 Κ.
1078 1547 1107 1572 et
1130 1546 1193 1572 Isid.
1215 1545 1271 1572 diff.
1292 1546 1367 1573 verb.

82 1584 134 1608 502
157 1582 167 1615 [Ι
190 1581 352 1616 Sallustius]
374 1589 411 1607 or.
432 1581 518 1608 Macri
543 1583 578 1608 tr.
603 1582 640 1616 pl.
661 1585 695 1608 26
719 1591 746 1616 p.
771 1585 822 1608 292
847 1582 932 1608 Kritz.
957 1584 966 1615 ΙΙ
991 1585 1022 1608 19
1046 1581 1169 1616 taurino]
1195 1582 1227 1607 A.
1252 1582 1263 1607 I
1288 1584 1340 1608 368
1359 1582 1367 1615 5}

83 1619 117 1643 20
139 1616 256 1651 ingerit]
275 1617 308 1643 A.
328 1617 366 1642 IX
386 1620 437 1643 760
460 1618 470 1651 ΙΙ
493 1617 607 1651 quidam
628 1639 633 1644 .
651 1639 656 1645 .
673 1639 678 1644 .
698 1617 823 1652 tradunt]
844 1617 908 1645 Isid.
929 1618 997 1651 orig.
1018 1617 1055 1643 XI
1076 1620 1100 1651 1,
1121 1620 1153 1644 79

155 1726 171 1750 3
191 1724 228 1750 ad
245 1732 271 1749 v.
286 1726 338 1749 209
359 1723 455 1758 Spem]
476 1723 614 1750 laetitiam
635 1745 640 1750 .
656 1744 662 1749 .
679 1746 684 1751 .
705 1725 823 1751 serenat.
839 1724 875 1750 ab
895 1733 927 1750 eo
942 1724 1018 1757 quod
1035 1723 1179 1757 praecedit
1193 1722 1222 1748 id
1236 1723 1310 1756 quod
1325 1731 1366 1749 se-

84 1758 180 1792 quitur
198 1758 384 1793 significatum
404 1767 468 1785 nam
489 1767 566 1793 spem
587 1782 592 1786 .
609 1781 614 1787 .
632 1781 637 1787 .
657 1759 775 1786 laetitia.
798 1760 825 1785 P
841 1761 850 1793 ΙΙ
871 1763 886 1786 6
906 1760 935 1786 111
954 1767 1003 1786 om.
1024 1759 1058 1785 Η
1072 1760 1081 1792 ΙΙ
1096 1759 1164 1784 haec
1184 1758 1290 1792 autem]
1311 1759 1366 1784 hau

84 1802 169 1821 causa
187 1794 220 1820 K
239 1795 248 1827 ΙΙ
272 1797 287 1820 8
312 1794 474 1828 exspectent
492 1795 525 1821 K
529 1794 552 1821 C
572 1796 582 1828 ΙΙ
605 1798 620 1821 9
640 1795 809 1829 praemium]
833 1795 954 1828 primum
974 1794 997 1821 G
1019 1795 1174 1827 Stephanus
1196 1794 1205 1826 ss
1229 1794 1269 1827 et]
1290 1794 1321 1819 ut
1339 1794 1367 1819 B

84 1829 114 1856 id
133 1830 176 1856 est
195 1830 351 1856 Masvicius
364 1830 374 1863 ss
388 1830 416 1856 et
435 1830 559 1864 palmam
578 1838 627 1857 om.
649 1830 673 1857 0
684 1831 694 1864 ΙΙ
707 1830 832 1864 palmam
851 1831 916 1864 post
934 1829 1038 1864 accipit
1057 1830 1211 1862 Stephanus
1226 1831 1251 1854 et
1265 1829 1366 1854 Fabri-

85 1865 144 1891 cius
157 1865 167 1899 ss
182 1867 214 1891 10
234 1865 271 1891 ad
288 1874 313 1892 v.
328 1868 380 1891 210
398 1864 535 1899 Praedae]
556 1866 591 1892 ad
611 1866 745 1899 praedam
764 1887 770 1893 .
787 1887 792 1892 .
809 1886 814 1892 .
834 1866 944 1899 parant,
964 1865 1103 1891 accinctos
1124 1864 1197 1890 enim
1216 1863 1366 1890 industrios

83 1900 210 1928 dicimus.
237 1900 416 1934 Dapibusque
435 1900 547 1935 futuris]
571 1900 718 1927 ambitiose
738 1922 745 1928 .
762 1922 767 1927 .
784 1922 789 1927 .
809 1901 927 1927 futurae.
950 1901 977 1926 P
989 1901 998 1933 ΙΙ
1012 1909 1162 1926 Ancmuvxr
1181 1901 1205 1925 et
1226 1902 1256 1924 11
1273 1898 1365 1925 adcin-

85 1936 156 1970 gunt
174 1939 198 1962 et
216 1935 359 1962 adcinctos
379 1936 410 1962 K
422 1937 431 1970 ΙΙ
447 1939 478 1962 12
499 1938 531 1962 ut
549 1936 680 1962 Horatius
702 1958 706 1962 .
724 1957 729 1962 .
746 1957 751 1962 .
771 1936 908 1962 Mulciber
927 1936 1008 1962 Afros
1027 1943 1076 1962 om.
1096 1935 1123 1960 B
1138 1935 1147 1968 ss
1165 1943 1198 1960 ac
1216 1942 1267 1961 nos
1286 1942 1365 1968 prae-

83 1970 182 1998 cinctis
199 1980 285 1997 unum
304 1971 346 1997 K:
373 1980 406 1998 ac
424 1980 475 1998 nos
494 1972 646 2005 praecintis
671 1971 694 1998 C
714 1971 896 2005 (praecingtis
917 1971 964 2003 02)
989 1971 1144 1997 accinctum
1168 1978 1260 2010 unum·
1274 1969 1299 1995 L
1323 1971 1366 2003 (ac

83 2015 157 2033 nunc
175 2006 328 2040 praecincti
349 2007 435 2033 simus
454 2008 473 2040 l)
499 2016 531 2034 ac
551 2015 623 2033 nunc
642 2016 728 2033 unum
751 2007 919 2041 praecinctis
939 2007 973 2032 H
995 2015 1028 2032 ac
1047 2014 1120 2032 nunc
1143 2005 1260 2031 accinct1
1281 2014 1366 2031 81111118

22 2027 25 2029 Δ
54 2071 56 2073 .
85 2042 122 2068 M
142 2043 152 2076 u
176 2045 208 2068 13
235 2043 333 2069 contra
355 2042 424 2068 KH
444 2044 453 2076 ΙΙ
475 2042 654 2077 neclegentes
680 2042 751 2068 KG.-
780 2043 912 2076 negentes
938 2042 963 2067 L
990 2041 1171 2076 neglegentes
1196 2039 1330 2066 ΗΜΖΟ3
1356 2040 1365 2074 j]

85 2080 119 2103 14
132 2077 222 2104 Afros.
255 2079 287 2104 ut
301 2077 434 2104 Horatius
448 2078 477 2104 in
492 2078 582 2112 epodo
598 2079 620 2111 (I
632 2079 676 2111 33)
692 2086 746 2111 quo
763 2077 849 2110 ‘quod
863 2079 913 2104 aut
926 2086 1026 2104 auarus
1043 2076 1174 2103 Chremes
1187 2077 1290 2102 terram
1305 2083 1365 2109 pre-

85 2120 169 2146 mam,
180 2113 331 2140 discinctus
347 2114 395 2140 aut
409 2113 526 2147 perdam
538 2113 646 2147 nepos',
662 2114 693 2140 ut
702 2121 802 2147 graece
813 2110 928 2145 εὔζωνοι
939 2112 1063 2147 expediti
1077 2112 1215 2139 dicuntur.
1226 2111 1255 2137 D
1268 2112 1278 2145 ΙΙ
1291 2110 1366 2144 quod

565 2164 578 2177 Β

87 2204 114 2210 ..
130 2205 137 2211 .
159 2184 282 2218 futurae]
309 2184 377 2218 quid
403 2185 477 2211 sicut
501 2183 600 2210 sex-uiri
625 2183 711 2218 dapes
737 2183 846 2210 futurae
872 2184 899 2209 B
922 2184 931 2217 ss
954 2183 1028 2217 quod
1050 2183 1104 2209 GP
1121 2183 1177 2215 (sed
1196 2190 1212 2208 o
1233 2182 1364 2208 incertum

85 2227 153 2245 num
170 2228 189 2246 a
206 2228 291 2246 manu
306 2220 401 2253 prima
419 2220 455 2246 sit
473 2220 504 2245 in
524 2219 569 2253 G):
594 2218 660 2253 quid
679 2219 839 2253 KLHMn
854 2219 909 2245 sint
936 2219 984 2252 ΡΙΙ
1001 2222 1032 2244 16
1057 2219 1094 2245 ad
1112 2226 1136 2244 v.
1156 2220 1206 2244 211
1228 2217 1362 2250 Tergora]

85 2255 180 2289 tergus
197 2255 317 2289 tergoris
337 2254 453 2289 (risque)
473 2254 612 2289 significat
630 2254 748 2288 corium,
771 2255 882 2289 tergum
901 2262 968 2280 uero
987 2253 1060 2288 tergi
1083 2253 1196 2280 dorsum
1216 2252 1361 2286 significat.

88 2289 136 2316 sed
153 2289 223 2317 haec
242 2298 260 2316 a
277 2290 419 2317 ueteribus
439 2290 680 2317 confundebantur
705 2291 738 2316 ut
756 2310 762 2315 .
779 2310 784 2316 .
801 2311 807 2316 .
826 2291 915 2324 tergo.
952 2289 1079 2327 Viscera]
1104 2297 1160 2315 non
1181 2289 1292 2314 tantum
1312 2308 1317 2313 .
1333 2308 1339 2314 .
1357 2307 1361 2312 .

87 2325 136 2352 est.
172 2327 215 2352 est
238 2327 332 2352 antem
357 2347 363 2352 .
379 2347 384 2352 .
401 2348 407 2353 .
431 2325 553 2352 uisceris.
581 2326 608 2351 P
629 2327 693 2359 1117
720 2326 749 2351 et
778 2325 916 2359 significat
941 2324 1054 2351 dorsum
1077 2324 1100 2350 C'
1121 2325 1130 2358 ΙΙ
1155 2326 1186 2349 19
1214 2322 1364 2362 confunde-

87 2359 169 2386 batur
188 2360 211 2387 Ο
227 2362 306 2394 (corr.
327 2361 372 2395 02)
391 2362 401 2395 [Ι
419 2361 488 2388 alibi
506 2369 556 2388 om.
578 2361 627 2394 ΡΙΙ
645 2361 740 2395 posset
759 2360 835 2395 ΟΡΙ]
854 2364 888 2387 20
906 2360 992 2395 110110]
1012 2359 1159 2386 undecimo
1180 2358 1202 2385 G
1214 2359 1223 2391 ΙΙ
1241 2361 1273 2384 21
1295 2357 1362 2391 dici]

88 2394 136 2421 diu
153 2396 233 2430 vulyo
255 2397 265 2430 ΙΙ
287 2397 362 2423 coria
381 2405 414 2423 ex
433 2396 510 2422 curia
529 2396 552 2422 Ο

139 2444 212 2464 Servii
226 2451 305 2464 comm.
322 2446 371 2465 Vol.
386 2445 405 2465 1.
422 2445 486 2465 Fasc.
503 2446 522 2465 Ι.
1136 2441 1151 2463 6

1386 477 1402 500 5

1388 743 1420 765 10

1387 1008 1419 1031 15

1385 1273 1419 1296 20
