1630 2684
466 136 580 164 comm.
600 136 640 163 m
659 135 765 163 veae.
784 136 869 163 AEN.
888 137 908 163 1.
930 119 1078 163 1'15—1-20.
1369 136 1412 167 55

130 219 234 251 comit.
329 226 462 250 ΝΛΜ-113
490 217 595 258 prima
622 217 714 249 verbi
742 217 862 259 positio
893 219 943 248 est
971 217 1028 249 ‘no
1057 228 1116 249 nas
1139 217 1223 259 nat’‚
1250 217 1334 250 unde
1362 220 1412 250 est

130 283 222 305 nare
250 283 315 314 per
343 272 532 303 aestatem
560 264 763 312 liquidam.⁴
802 270 908 312 prima
936 270 1064 312 syllaba
1091 271 1286 303 naturaliter
1312 272 1413 313 longa

131 327 195 367 est,
226 326 303 357 licet
331 323 475 356 ‘natare'
509 323 582 355 ‘na'
615 324 722 356 brevis
753 324 796 355 sit
823 323 858 355 in
891 323 1004 355 eadem
1036 323 1285 365 significatione.
1373 335 1411 357 IN

92 384 96 387 '
131 387 284 411 GVRGITE
308 386 418 410 VASTO
442 377 603 418 tapinosis
627 379 690 418 est,
721 377 753 409 id
778 379 827 409 est
850 377 898 409 rei
922 387 1060 418 magnae
1084 376 1217 409 humilis
1242 379 1411 419 expositio.

129 433 302 474 prudenter
324 434 435 463 tamen
457 430 623 472 Vergilius
651 430 872 463 humilitatem
896 430 1055 462 sermonis
1084 431 1229 472 epitheto
1253 432 1411 474 sublevat,

129 488 166 518 ut
187 486 249 517 hoc
272 485 343 517 loco
369 483 493 516 ‘vasto’
518 483 650 516 addidit.
696 484 776 516 item
800 494 871 516 cum
895 484 934 516 de
958 495 1040 526 equo
1071 484 1257 526 loqueretur
1280 485 1327 517 ait
1352 496 1410 517 ca-

128 549 263 571 vernas
287 539 478 580 ingentes.

219 592 290 624 119.
327 601 423 624 ARMA
449 600 560 623 vmvn
584 591 665 623 bene
690 591 812 623 addidit
836 590 982 633 ‘virum'‚
1009 591 1044 623 id
1066 593 1110 623 est
1131 591 1278 623 virorum.
1321 602 1411 624 arma

128 645 214 678 enim
250 645 400 677 dicuntur
436 647 623 677 cunctarum
648 645 780 676 'artium
817 645 1049 685 instrumenta,
1086 646 1124 676 ut
1157 643 1410 687 Cerealiaque

127 710 244 741 arma,
275 699 354 731 item
388 698 576 740 colligere
610 709 718 730 arma
741 698 849 730 iubet
878 700 910 730 et
939 698 1003 730 alio
1034 698 1106 730 loco
1139 698 1340 730 dicendum
1374 701 1411 730 et

128 763 224 795 quae
255 753 334 784 sint
362 752 467 784 duris
497 751 721 793 agrestibus
751 763 863 783 arma.
955 760 1063 783 TROIA
1087 751 1269 783 differentia
1292 751 1327 783 in
1349 752 1411 784 hoc

127 817 274 838 sermone
299 807 348 838 est
371 807 404 838 et
427 806 462 837 in
485 816 581 837 sensu
605 807 638 837 et
661 805 695 837 in
720 805 866 847 syllabis.
907 816 983 836 nam
1007 815 1080 836 cum
1110 804 1311 846 provinciam
1335 805 1408 836 dici-

127 871 212 902 mus,
233 870 309 892 nam
325 860 420 891 Troia
429 859 606 900 provincia,
625 858 650 890 I
651 859 727 891 lium
742 859 811 899 ipsa
824 859 945 897 civitas,
965 861 998 890 et
1015 858 1195 900 principale
1215 859 1265 890 est
1283 869 1410 900 nomen,

126 913 234 945 brevis
260 915 309 945 est
330 912 428 944 εΤ1·ο.’
467 912 594 954 quando
619 914 727 943 autem
750 923 816 943 non
840 913 890 943 est
912 911 1089 953 principale
1113 913 1146 943 et
1170 911 1327 943 derivatio
1352 914 1410 953 est,

124 967 224 1008 longa
247 968 298 998 est
321 965 427 1004 ‘Tro.',
455 967 492 997 ut
515 965 656 997 Troius
679 964 841 998 Aeneas.
934 973 1025 996 GAZA
1047 964 1196 997 Persicus
1228 975 1333 997 sermo
1361 967 1410 996 est

124 1022 158 1052 et
181 1019 343 1061 significat
371 1019 515 1060 divitias,
544 1019 625 1050 ‘tonde
649 1018 739 1051 Gaza
761 1019 835 1050 urbs
858 1019 892 1050 in
916 1018 1097 1050 Palaestina
1120 1018 1249 1057 dicitur,
1272 1019 1354 1058 quod
1375 1019 1410 1050 in

123 1083 161 1105 ea
181 1072 344 1114 Cambyses
366 1083 420 1104 rex
438 1073 609 1104 Persarum
631 1083 701 1104 cum
719 1072 881 1113 Aeyyptiis
903 1072 1014 1104 bellum
1037 1072 1166 1112 inferret
1188 1072 1314 1104 divitias
1336 1083 1410 1104 suas

124 1127 268 1159 condidit.
305 1128 354 1158 est
378 1128 487 1158 autem
511 1126 639 1168 generis
667 1125 828 1167 feminini,
857 1127 894 1157 ut
917 1127 954 1157 et
978 1135 1074 1166 gaza
1097 1125 1226 1157 laetus
1251 1126 1410 1166 agresti.

125 1191 189 1226 quo
213 1180 361 1221 exemplo
386 1182 521 1221 apparet
545 1190 671 1221 quoque
695 1179 857 1221 superfluo
883 1179 993 1221 quaeri
1014 1190 1033 1211 a
1052 1179 1179 1220 multis,
1204 1179 1410 1221 quemadmo-

125 1234 200 1265 dum
223 1234 368 1275 potuerit
395 1244 510 1265 aurum
539 1234 665 1274 natare,
694 1232 915 1264 nescientibus
944 1243 1054 1275 gazas,
1085 1232 1118 1264 id
1147 1235 1197 1265 est
1227 1244 1318 1275 opes,
1347 1233 1409 1264 dici

125 1298 219 1319 omne
252 1286 338 1329 quod
369 1286 582 1328 possidemus.
632 1288 689 1318 aut
721 1288 798 1317 certe
832 1286 989 1327 hyperbole
1024 1287 1223 1328 tempestatis,
1256 1289 1291 1318 ut
1316 1288 1410 1319 etiam

119 1341 291 1382 ponderosa
312 1340 391 1380 ferri
407 1340 574 1380 potuerint.
660 1352 716 1371 PER
735 1352 829 1372 rmus
852 1338 936 1380 ‘per'
959 1339 1087 1380 quidam
1110 1340 1249 1372 nolant*

1431 705 1464 728 10

1431 972 1463 995 15

1429 1239 1463 1263 20

216 1394 288 1426 120.
318 1402 382 1425 IAM
396 1402 554 1425 VALIDAM
568 1402 705 1434 zeugma
719 1394 770 1424 est
784 1393 825 1424 ab
840 1392 1052 1425 inferioribus
1068 1392 1159 1425 ‘vicit
1173 1393 1300 1426 hiems’.
1324 1395 1410 1435 quod
1432 1417 1434 1419 -

125 1448 162 1479 fit
176 1449 209 1479 et
223 1459 242 1480 a
256 1447 475 1489 superioribus
490 1449 523 1479 et
537 1458 557 1479 a
570 1447 691 1485 medio,
710 1447 901 1488 plerumque
921 1448 954 1478 et
973 1446 1014 1478 ad
1032 1448 1206 1489 utrumque
1225 1447 1410 1490 respondet,

196 1556 212 1580 2
232 1553 310 1586 nare]
335 1561 430 1587 georg.
450 1553 495 1580 lV.
515 1556 547 1579 59
571 1553 581 1586 ΙΙ
604 1555 619 1579 6
640 1552 784 1586 cavernas]
805 1552 837 1578 Α.
857 1552 884 1578 II
904 1554 935 1578 19
959 1553 969 1586 ΙΙ
997 1554 1012 1578 8
1033 1560 1112 1579 arma
1131 1573 1137 1578 .
1158 1573 1163 1578 .
1186 1575 1191 1581 .
1210 1552 1408 1587 instrumenta]

124 1588 188 1616 Isid.
208 1597 246 1616 or.
267 1589 358 1616 XVIII
372 1591 398 1623 5,
415 1592 428 1615 1
447 1589 456 1623 ΙΙ
480 1591 495 1615 9
515 1587 708 1622 Cerealiaque]
728 1588 760 1614 A.
780 1588 793 1613 1
810 1590 859 1614 177
883 1588 892 1622 l]
917 1591 949 1614 10
969 1588 1114 1623 colligere]
1134 1589 1166 1614 A.
1187 1588 1212 1614 V
1228 1591 1259 1614 15
1283 1589 1293 1622 ΙΙ
1316 1588 1409 1615 dicen-

126 1625 192 1651 dum
224 1632 318 1659 georg.
340 1624 353 1650 I
373 1627 424 1651 160
447 1625 456 1658 ΙΙ
486 1626 517 1651 15
536 1623 646 1657 Troius]
666 1623 698 1650 A.
718 1623 729 1649 I
750 1626 802 1650 596
829 1624 839 1657 l]
868 1626 900 1650 16
919 1623 993 1650 unde
1013 1623 1088 1650 Gaza
1107 1645 1113 1651 .
1135 1645 1141 1651 .
1162 1645 1167 1651 .
1188 1623 1324 1659 condidit]
1344 1624 1408 1650 Isid.

125 1668 164 1688 or.
210 1660 235 1687 V
254 1663 279 1695 1,
299 1663 340 1687 16.
370 1660 405 1687 cf.
425 1668 524 1687 comm.
545 1659 611 1686 Luc.
631 1659 670 1685 111
689 1662 741 1686 216
764 1659 774 1693 11
797 1662 830 1686 18
850 1659 879 1685 et
897 1659 978 1694 gaza]
998 1659 1031 1686 A.
1051 1659 1077 1686 V
1096 1661 1130 1685 40

196 1761 211 1785 5
231 1758 395 1793 prudentior
410 1758 433 1785 O
448 1759 458 1792 ΙΙ
481 1757 605 1792 epitheto
622 1758 659 1784 M
664 1757 714 1784 Ο*
734 1757 880 1791 epitheton
894 1756 959 1783 ΒΚ
963 1756 995 1783 Η
1021 1756 1179 1798 epithetolls
1192 1757 1217 1782 L
1237 1758 1247 1791 ΙΙ
1267 1757 1408 1792 sublevat]

126 1767 304 1821 sublenaptum
323 1794 351 1820 B
365 1795 374 1828 Ι]
395 1796 411 1820 8
431 1794 468 1820 ad
486 1802 510 1820 v.
527 1796 577 1820 119
596 1793 683 1820 Arma
701 1792 804 1828 uirum]
824 1792 895 1819 bene
914 1792 1025 1818 addidit
1042 1792 1147 1826 uirum,
1167 1801 1245 1819 arma
1264 1793 1338 1819 enim
1358 1813 1364 1819 .
1381 1814 1386 1819 .
1403 1815 1408 1820 .

125 1829 294 1864 cerialiaqne
314 1838 398 1856 arma.
434 1829 528 1864 Tioia]
549 1828 706 1855 differentia
725 1850 731 1856 .
748 1850 753 1855 .
771 1849 776 1854 .
797 1829 825 1855 et
843 1827 937 1854 breuis
956 1829 999 1855 est
1018 1828 1106 1855 ‘’.Tro
1139 1828 1250 1862 quando
1270 1828 1409 1855 deriuatio

123 1866 210 1900 longa
234 1866 276 1892 est
296 1864 384 1891 ‘Tro'
407 1886 412 1892 .
489 1865 581 1891 laetus
607 1864 719 1898 agresti.
758 1865 786 1890 et
809 1872 865 1890 non
889 1872 987 1890 aurum
1011 1864 1039 1890 et
1062 1864 1210 1898 argentum
1234 1864 1298 1890 sunt
1315 1872 1409 1898 gazae,

123 1901 173 1928 sed
191 1909 288 1928 omnes
308 1909 344 1935 op
346 1909 383 1928 es.
401 1901 428 1926 P
440 1901 449 1934 11
463 1903 479 1926 9
495 1900 663 1933 cerialiaque
677 1900 710 1925 K
720 1901 730 1933 ΙΙ
746 1902 778 1926 13
795 1900 908 1934 nomen]
929 1900 958 1926 et
976 1898 1145 1933 disyllabum
1165 1899 1228 1925 add.
1245 1899 1282 1925 M
1286 1900 1296 1925 l
1309 1900 1318 1933 ΙΙ
1333 1902 1366 1925 14
1381 1901 1410 1926 et

124 1937 218 1964 breuis
231 1936 341 1963 BHM
357 1937 366 1970 ss
388 1944 444 1962 non
464 1936 506 1962 est
524 1935 679 1970 principale
699 1936 728 1961 et
746 1935 883 1961 derivatio
899 1935 952 1969 est]
972 1908 1038 1961 uely
1038 1934 1150 1968 quando
1170 1935 1266 1961 autem
1285 1936 1327 1961 est
1346 1943 1409 1969 pos-

125 1972 262 1999 sessiuum
284 1972 452 1999 trisillabum
476 1973 519 1997 est
542 1972 571 1997 et
594 1970 661 2005 long
662 1979 679 1997 a
702 1971 745 1997 est
767 1971 811 1997 tro
835 1978 968 2011 superscr.
988 1978 1014 1996 m
1042 1971 1084 1997 est
1107 1970 1295 2004 possessiuum
1313 1971 1346 1997 ut
1364 1970 1409 1997 hic

124 2007 194 2042 trisy
195 2008 302 2034 llabum
326 2008 370 2034 est
392 2015 525 2048 supe-wer
546 2007 563 2033 Ζ
595 2007 682 2033 simile
706 2006 813 2040 aliquid
836 2006 868 2032 in
892 2005 1048 2033 Cassellano
1072 2014 1176 2040 quoque
1194 2006 1228 2032 ab
1249 2006 1333 2032 altero
1352 2014 1409 2032 cor-

125 2046 226 2070 rectore
245 2043 302 2077 (0³)
321 2043 353 2069 in
371 2043 495 2077 τηαν-91718
513 2042 684 2076 adscriptum
706 2042 791 2075 fuisse
815 2041 927 2068 conicio.
965 2044 1079 2068 testatur
1098 2044 1166 2068 certe
1184 2041 1332 2075 Scioppius
1346 2044 1411 2076 post

126 2079 226 2106 nolunt
244 2079 304 2112 (lin.
324 2080 369 2112 22)
389 2079 505 2105 codicem
521 2078 651 2112 praebere
669 2078 698 2104 et
716 2077 789 2104 troia
812 2077 998 2111 possessiuum
1024 2077 1238 2111 aiacesseseoin,
1262 2086 1331 2111 quae
1354 2086 1410 2104 mm

126 2115 221 2148 recepi.
254 2117 370 2141 ceterum
389 2115 417 2141 et
436 2113 573 2140 derivatio
593 2114 637 2140 est
655 2121 710 2140 non
728 2113 857 2139 videntur
875 2112 966 2139 Servii
984 2121 1045 2139 esse.
1073 2114 1083 2147 ΙΙ
1112 2116 1144 2139 15
1164 2113 1193 2139 et
1210 2113 1295 2147 longa
1313 2113 1385 2139 ΒΜ
1402 2113 1411 2148 j]

127 2153 160 2177 16
178 2149 332 2177 ridaestina
352 2150 379 2176 P
395 2151 405 2184 ΙΙ
430 2153 461 2176 17
481 2149 590 2184 aegytis
611 2149 638 2175 P
654 2150 664 2182 ΙΙ
689 2151 720 2175 19
740 2156 795 2182 quo
817 2148 946 2183 exemplo
966 2169 972 2175 .
1011 2149 1134 2190 .gazas]
1154 2148 1297 2183 quaeritur
1315 2150 1411 2175 tamen

127 2193 144 2212 a
166 2185 263 2212 multis
287 2185 522 2219 quemadmodum
545 2185 639 2219 potuit
662 2192 760 2211 aurum
787 2187 885 2211 natare
912 2183 1101 2211 nescientibus
1124 2193 1193 2219 gaza
1213 2184 1236 2211 O
1256 2185 1265 2218 ΙΙ
1293 2187 1326 2210 22
1348 2186 1411 2217 post

126 2221 225 2248 nolunt
239 2221 367 2247 lacunam
380 2221 512 2248 indicavi.
539 2221 679 2253 fortasse‘
684 2220 743 2254 per'
760 2219 874 2254 quidam
888 2220 987 2247 volunt
1003 2220 1108 2247 ‘inter'.
1137 2221 1171 2253 cf.
1188 2221 1225 2247 ad
1239 2220 1307 2246 Aen
1323 2219 1361 2245 IV
1376 2222 1409 2245 56

126 2257 226 2283 notant
244 2257 313 2283 coni.
330 2256 365 2284 F.
381 2256 530 2283 Schoellias
543 2258 552 2290 ΙΙ
567 2260 600 2282 23
616 2256 653 2282 ad
667 2265 691 2282 v.
705 2258 756 2283 120
770 2255 830 2282 Iam
844 2254 981 2290 ualidam]
997 2264 1114 2289 zeugma
1128 2257 1170 2282 est
1184 2255 1220 2282 ab
1234 2254 1411 2282 inferioribus

130 2291 215 2318 ‘uicit
232 2292 348 2324 hiems',
372 2292 447 2326 quod
469 2292 501 2319 fit
521 2313 527 2318 .
547 2313 554 2320 .
575 2313 580 2318 .
599 2292 674 2326 quod
699 2291 722 2318 si
746 2291 903 2326 contingat,
929 2291 1078 2325 antiptosis
1096 2291 1141 2324 fit,
1164 2300 1220 2318 non
1245 2290 1356 2324 regula,
1379 2291 1411 2316 ut

130 2326 243 2354 ‘haeret
265 2327 336 2362 pede
359 2328 424 2361 pes’
449 2336 500 2362 pro
525 2327 643 2362 ‘pedi'
654 2327 682 2355 P
706 2327 716 2363 ΙΙ
743 2335 859 2355 zenuma.
882 2327 916 2354 K
944 2335 1041 2354 zeuma
1063 2327 1166 2354 BLM
1191 2328 1201 2361 ΙΙ
1228 2326 1297 2352 vicit
1320 2325 1409 2352 hiems

119 2370 177 2388 om.
196 2362 228 2388 K
246 2364 256 2397 ss
278 2363 357 2397 vicit]
377 2363 409 2389 ut
427 2363 497 2390 dicit
517 2363 544 2389 B
