1722 2670
501 115 615 145 COMM.
633 117 674 145 IN
691 117 799 146 VERG.
818 117 902 146 AEN.
922 120 969 147 III.
991 124 1138 149 117—124.
1389 123 1455 155 365

266 199 338 231 120.
374 208 511 232 melma
534 209 638 231 mmm
658 209 821 233 PEOVDEM
839 210 1009 234 znPnYms
1029 212 1209 236 Fumcmvs
1229 213 1349 236 ALBAM
1369 205 1453 237 bono

174 261 251 283 usus
282 254 332 284 est
362 244 488 294 ordine}
515 255 552 284 ut
578 253 668 294 prius
698 255 859 287 averteret
883 255 982 296 mala,
1016 248 1275 288 sichonciliaret
1299 258 1453 299 optanda:

174 305 296 337 frustra
320 306 405 338 enim
428 305 598 348 profutura
621 309 799 349 poscuntur
823 308 964 340 adversis
990 309 1208 350 sequentibus.
1342 324 1457 344 menan

174 370 265 390 mem
279 360 427 399 meroem]
455 370 530 392 nam
557 363 586 392 et
607 361 746 393 Romani
773 364 881 393 veteres
908 362 969 394 diis
999 363 1207 402 asperioribus
1229 364 1454 404 sacrificabant,

173 421 212 442 ne
233 415 380 444 nocerent.
911 420 914 424 '
1473 426 1488 449 5

266 465 336 498 121.
372 475 511 499 PVLSVM
535 476 660 500 Rssems
685 477 841 501 cusslssn
866 477 1039 501 PATERNIS
1063 480 1128 501 non
1152 469 1230 501 dicit
1254 481 1359 512 quare.
1398 471 1453 502 sed

172 519 249 550 talis
272 518 411 551 historia
430 522 493 551 est:
515 520 708 553 Idomeneus
727 523 763 554 cle
780 523 894 554 semine
908 523 1110 555 Deucalionis
1127 526 1229 562 natus,
1249 522 1453 556 Cretensium

172 583 243 614 rex,
273 583 344 604 cum
367 574 445 614 post
468 584 613 606 eversam
638 575 768 607 Troiam
793 578 1017 617 reverteretur,
1048 576 1082 607 in
1106 577 1300 618 tempestate
1324 577 1454 609 devovit

173 625 426 658 sacrificaturum
455 638 488 658 se
512 627 551 658 de
574 638 622 669 re,
656 639 738 669 quae
762 629 791 660 ei
816 629 957 670 primum
982 629 1183 661 occurrisset.
1230 630 1382 672 contigit,
1415 633 1451 662 ut

171 679 256 710 filius
281 679 349 711 eius
372 680 497 721 primus
522 683 715 713 occurreret:
739 693 834 723 quem
858 694 940 724 eum,
963 684 1000 714 ut
1019 682 1077 714 alii
1097 683 1214 722 dicunt,
1238 684 1453 725 immolasset,
1475 691 1506 729 10

170 734 208 764 ut
231 732 288 764 alii
309 743 392 775 vero,
423 734 592 766 immolare
615 735 772 767 voluisset
795 739 824 768 et
844 739 912 777 post
934 739 1003 768 orta
1026 739 1101 768 esset
1117 737 1307 777 pestilentia,
1336 749 1355 769 a
1379 737 1453 769 civi-

171 786 231 818 bus
273 787 386 828 pulsus
425 798 525 830 regno
573 788 788 821 Sallentinum
822 788 993 822 Calabriae
1026 790 1304 831 promunctorium
1337 791 1452 832 tenuit,

173 839 265 872 iuxta
288 840 373 882 quod
398 841 541 873 condidit
564 842 740 884 civitatem,
763 845 801 875 ut
825 843 932 884 <400>
961 845 998 874 et
1026 842 1269 875 Sallentinos
1299 844 1452 875 obsedit

171 893 300 925 milite
329 905 483 935 campos
513 894 673 936 Lyctius
702 895 937 928 Idomeneus.
983 896 1100 928 relatio
1130 907 1207 938 ergo
1231 896 1387 928 historiae
1412 897 1451 928 ad

122 949 125 952 “
169 946 366 978 iniciendum
390 947 539 980 Troianis
563 948 686 980 Cretam
715 949 811 981 eundi
839 949 1035 981 desiderium
1063 949 1219 991 pertinet:
1254 951 1286 982 et
1312 961 1347 982 re
1375 961 1452 982 vera
1473 958 1505 980 15

169 999 266 1031 aliter
289 1000 330 1031 ad
353 1000 457 1033 hostis
480 1002 683 1042 provinciam
707 1002 754 1034 ire
777 1014 844 1034 non
866 1004 1027 1043 poterant.

260 1054 331 1085 122.
359 1063 542 1086 1DOMENEA
564 1055 657 1087 huius
679 1056 815 1087 nominis
834 1056 1029 1096 paenultima
1051 1056 1181 1097 syllaba,
1205 1059 1321 1088 natura
1344 1057 1450 1098 brevis,

167 1108 274 1138 contra
296 1107 434 1148 regulam
452 1109 603 1148 producta
627 1111 678 1140 est.
705 1110 760 1141 sed
780 1110 855 1150 quia
879 1109 1020 1151 quinque
1045 1109 1187 1141 Graecae
1212 1111 1288 1141 sunt
1310 1110 1451 1152 linguae7

170 1159 313 1202 Aeolica,
336 1160 421 1202 Iaca,
445 1160 574 1203 Dorica,
592 1161 712 1203 Attica,
738 1162 933 1204 communis3
956 1162 1032 1194 hinc
1054 1163 1092 1194 fit
1115 1164 1151 1194 ut
1174 1163 1209 1194 in
1231 1174 1295 1195 uno
1319 1164 1449 1209 nomine

168 1213 309 1245 varietas
333 1214 531 1256 inveniatur,
555 1217 592 1247 ut
616 1226 687 1247 ecee
712 1215 745 1246 111
768 1215 830 1247 hoc
854 1215 1061 1248 ‘Idomeneus
1070 1215 1088 1247 ’.
1135 1216 1313 1248 communis
1337 1217 1450 1258 lingua
1469 1224 1503 1247 20

167 1265 248 1298 facit
276 1268 463 1308 genetivum
489 1266 696 1310 Ἰδομενέως,
730 1268 851 1301 Dorica
876 1267 1078 1311 Ἰδομενεῦς,
1109 1268 1222 1301 Attica
1247 1267 1449 1311 Ἰὃομένεως,

166 1318 243 1351 Iaca
255 1316 453 1362 Ἰδομενῆος.
487 1322 569 1353 unde
593 1324 642 1354 est
664 1322 717 1354 hic
740 1323 775 1354 in
798 1333 894 1354 versu
919 1322 1129 1363 accusativus,
1153 1323 1236 1354 sicut
1260 1325 1292 1355 et
1314 1323 1448 1356 Ilionea.

259 1373 331 1405 123.
369 1383 482 1406 HOSTE
506 1375 559 1407 hic
584 1376 680 1407 multi
704 1376 896 1417 distingunt.
987 1384 1149 1408 ADSTARE
1176 1387 1244 1408 esse
1268 1378 1289 1416 †
1303 1377 1358 1408 sub
1381 1377 1448 1409 hoc:

168 1426 254 1468 quod
277 1429 354 1459 tuno
377 1428 549 1469 significat,
574 1428 703 1470 quando
728 1429 766 1460 de
790 1429 842 1460 his
866 1429 1029 1470 loquimur
1052 1440 1133 1470 quae
1157 1429 1269 1461 cadere
1293 1441 1359 1461 non
1377 1441 1449 1471 pos-

167 1481 256 1521 sunt;
279 1481 317 1512 ut
339 1480 367 1512 si
391 1480 477 1513 dieas
501 1483 606 1513 terras
631 1482 767 1513 adstare.
805 1485 834 1514 et
856 1483 1009 1514 ostendere
1030 1483 1097 1514 vult
1118 1493 1149 1514 se
1171 1493 1234 1515 non
1257 1485 1363 1515 temere
1386 1494 1447 1515 ere-
1467 1491 1500 1514 25

166 1533 288 1565 didisse.

259 1587 330 1618 124.
369 1600 515 1620 ommni:
527 1589 563 1620 de
576 1588 633 1620 hae
645 1589 772 1629 plenius
790 1599 886 1630 supra
902 1589 988 1630 <72>
1004 1590 1119 1621 dietum
1137 1592 1189 1622 est.
1278 1603 1407 1626 PELAGOQ
1414 1604 1449 1623 Vl?

172 1652 306 1672 νοιΑΜνε
330 1641 429 1681 [quia]
455 1644 490 1673 ut
511 1642 587 1674 alibi
611 1642 648 1684 <1
673 1643 759 1684 224>
783 1653 882 1675 mare
904 1643 1112 1675 velivolum.

239 1731 254 1754 6
275 1728 323 1754 sed
342 1728 409 1754 talis
428 1729 545 1756 historia
565 1731 608 1756 est
626 1738 648 1757 e.
669 1739 695 1764 q.
716 1731 750 1765 s.]
770 1739 855 1758 exscr.
876 1731 1016 1765 mythogr.
1037 1730 1050 1756 I
1070 1734 1130 1764 195,
1149 1731 1175 1757 II
1194 1733 1246 1757 210

237 1811 253 1834 3
279 1809 433 1842 pascuntur
456 1808 486 1834 F
511 1810 520 1842 ΙΙ
548 1810 727 1843 sequentibus
751 1810 833 1837 malis
859 1811 897 1837 M
922 1810 1004 1837 malis
1029 1810 1207 1844 sequentibus
1227 1811 1256 1836 E
1281 1812 1303 1844 (t
1322 1811 1446 1838 aduersis

165 1851 253 1877 supra
271 1843 353 1870 malis
372 1845 422 1878 me)
441 1846 450 1878 ΙΙ
475 1847 489 1870 7
509 1844 627 1871 historia
645 1845 711 1872 talis
734 1846 771 1871 M
787 1847 797 1880 ΙΙ
820 1848 835 1872 8
856 1846 969 1872 devovit
988 1846 1041 1872 diis
1060 1847 1140 1880 vulyo
1158 1847 1168 1880 ΙΙ
1191 1849 1206 1872 9
1227 1845 1261 1872 de
1281 1855 1314 1873 ea
1332 1855 1362 1873 re
1383 1848 1420 1873 M
1436 1848 1445 1882 ΙΙ

166 1878 192 1904 81
211 1887 261 1906 om.
281 1879 311 1905 F
322 1880 332 1913 ss
345 1880 388 1914 ut]
406 1881 439 1906 ut
458 1880 484 1906 ei
505 1880 542 1906 M
554 1881 563 1914 ΙΙ
579 1883 610 1906 12
631 1881 801 1907 salentinum
818 1881 885 1908 LH
901 1881 1083 1908 Sallentinum
1102 1884 1168 1908 tunc
1184 1882 1221 1908 M
1233 1882 1242 1915 ΙΙ
1258 1885 1289 1908 13
1309 1883 1352 1917 ut]
1372 1883 1445 1909 unde

166 1915 210 1940 est
229 1914 259 1940 F
279 1915 289 1948 ΙΙ
314 1918 346 1942 16
365 1916 477 1949 poterat
496 1915 526 1941 F
546 1916 556 1950 ΙΙ
581 1919 612 1942 17
632 1916 714 1942 huius
737 1916 857 1943 nominis
877 1938 883 1944 .
904 1938 910 1943 .
931 1938 936 1943 .
957 1917 1005 1943 sed
1024 1917 1090 1950 quia
1108 1918 1140 1943 in
1158 1918 1222 1943 meis
1242 1918 1320 1943 libris
1334 1921 1445 1951 praeter

165 1949 369 1977 Floriacensem
388 1951 493 1984 desunt,
513 1952 559 1978 sed
578 1952 652 1978 edita
669 1954 734 1978 sunl
754 1961 771 1978 a
790 1952 935 1986 Stephano.
955 1953 964 1986 ΙΙ
990 1956 1022 1979 18
1041 1953 1138 1987 regula
1158 1952 1188 1979 F
1204 1954 1213 1986 ΙΙ
1236 1956 1267 1979 19
1287 1952 1349 1979 iaca
1368 1954 1445 1980 LH:

165 1985 258 2012 ionica
278 1985 350 2012 ΓΜ
353 1986 383 2012 Ε
389 1987 398 2012 l
416 1987 425 2020 ΙΙ
444 1986 535 2013 actica
554 1987 580 2013 L
607 1987 701 2014 antica
719 1987 752 2013 H
767 1988 777 2021 ΙΙ
795 1990 829 2014 20
848 1988 1025 2023 Idomeneus]
1045 1988 1206 2015 idomeneos
1226 1988 1256 2014 F
1272 1989 1282 2023 ΙΙ
1300 1997 1323 2015 e.
1342 1989 1360 2015 l.
1379 1989 1398 2015 f.
1417 1999 1443 2023 g.

136 2028 140 2029 ⁷
164 2020 325 2048 idomeneos
349 2021 444 2048 dor-ica
466 2021 609 2049 idomenes
636 2022 711 2049 atica
734 2023 914 2050 idomenaeus
938 2023 1031 2050 ionica
1049 2023 1209 2050 idomeones
1229 2023 1260 2050 F
1299 2033 1321 2050 c.
1341 2024 1358 2050 l.
1378 2024 1397 2051 f.
1417 2034 1443 2059 g.

165 2055 331 2083 idomeneus
355 2057 388 2090 (ti
411 2058 442 2084 in
460 2066 514 2084 ras.
536 2059 554 2091 l)
578 2058 673 2085 dorica
696 2058 870 2091 idomener
894 2059 1010 2094 atticsssa
1033 2059 1194 2086 idomeneus
1216 2059 1279 2086 iana
1303 2059 1406 2093 (ionica
1425 2061 1443 2093 l)

165 2090 361 2119 idomeneosL
379 2101 402 2119 e.
421 2093 440 2119 1.
460 2093 478 2120 f.
498 2102 525 2128 g.
548 2093 711 2120 idomeneus
735 2094 830 2121 dorica
853 2094 1032 2121 idomenedes
1056 2095 1166 2121 anticca
1183 2094 1346 2122 idomeneus
1366 2095 1445 2122 iacca.

165 2126 326 2154 idomeneus
345 2128 379 2154 H
408 2137 430 2155 c.
450 2129 468 2155 l.
488 2128 507 2155 f.
527 2138 553 2163 g.
578 2129 739 2156 idomeneos
764 2130 860 2156 dorica
882 2129 1045 2157 idomendes
1070 2130 1145 2157 atica
1164 2131 1263 2164 (attica
1281 2132 1317 2163 m)
1337 2130 1443 2157 idome-

164 2171 233 2189 neus
249 2163 286 2189 M
303 2163 406 2196 (ionica
423 2164 586 2191 idomeneus
604 2173 680 2199 supr.
701 2173 766 2192 vers.
787 2166 850 2192 add.
870 2166 906 2200 m)
926 2174 949 2192 c.
969 2166 986 2192 l.
1006 2165 1025 2192 f.
1045 2174 1071 2200 g.
1091 2165 1252 2193 idomeneos
1271 2166 1366 2192 dorica
1384 2166 1442 2193 ido-

165 2198 433 2268 aisilswa
446 2199 976 2270 {zzmaussszffsassssezrss..uz
990 2199 1265 2271 1131911110(
1273 2202 1443 2269 agae

227 2255 232 2260 .
303 2255 308 2261 ι
349 2255 354 2260 ⁴
506 2257 511 2262 -
534 2249 543 2262 )
600 2254 613 2262 -ι
1303 2258 1308 2263 ·

165 2268 264 2296 adhuc.
289 2270 380 2303 possis
398 2273 423 2296 et
440 2272 577 2305 suspicari
596 2272 633 2298 ad
651 2271 785 2305 sedesque
805 2272 916 2299 adstare
935 2271 1048 2299 relictas
1067 2273 1099 2299 in
1113 2268 1258 2307 archetypo
1273 2273 1442 2306 adscriptum

164 2304 250 2336 fuisse
268 2304 286 2331 Γ.
311 2305 339 2339 (1.
359 2313 382 2332 e.
404 2305 540 2341 ‘seilicet')
565 2307 600 2334 ab
624 2307 677 2333 hoe
702 2308 743 2333 vel
766 2307 802 2334 ab
821 2308 909 2334 hoste.
929 2306 1102 2342 -συνεκὸοχή
1122 2309 1191 2335 coni.
1212 2308 1247 2334 F.
1267 2308 1415 2334 Schoellius
1433 2308 1442 2343 ΙΙ

164 2342 199 2365 24
214 2340 288 2373 quod
303 2349 352 2367 om.
369 2340 399 2367 F
409 2341 419 2374 ΙΙ
433 2345 465 2368 27
482 2351 616 2369 nom-mm
632 2342 662 2369 F
673 2344 682 2376 ΙΙ
697 2345 729 2369 28
750 2351 870 2370 vonvuvs
891 2343 921 2369 F
932 2344 941 2377 ΙΙ
955 2343 1107 2370 uelibolum
1127 2343 1158 2369 F
