1722 2670
487 106 600 134 COMM.
619 107 660 134 IN
678 107 787 136 VERG.
806 108 889 135 AEN.
909 108 956 136 111.
976 111 1126 136 203—209.
1376 109 1441 141 379

251 188 325 221 209.
362 196 548 221 SERVATVM
562 197 607 220 EX
621 198 727 222 VNDIS
746 200 783 222 ae
803 190 830 221 si
850 190 984 232 diceret,
1007 191 1046 222 de
1065 191 1218 232 perieulis
1237 191 1272 223 in
1290 191 1442 233 graviora

162 252 197 273 se
228 242 412 283 pervenisse
443 241 638 274 discrimina.
728 242 963 276 sTROPnADvM
987 253 1034 275 ME
1059 248 1188 283 MTORA
1216 244 1358 277 Phineus
1386 256 1441 276 rex

164 295 228 326 fuit
246 295 415 327 Arcadiae.
453 294 508 326 hic
527 295 595 327 suis
618 296 729 328 liberis
754 297 942 338 superduxit
965 308 1149 339 novercam,
1173 298 1261 330 cuius
1285 299 1442 331 instinctu

163 359 219 380 eos
243 348 395 380 caecavit.
441 348 482 379 ob
507 359 604 389 quam
632 359 701 380 rem
728 349 805 380 irati
835 349 881 380 dii
910 349 940 381 ei
969 349 1079 381 oeulos
1109 350 1309 382 sustulerunt
1333 353 1365 383 et
1389 352 1442 383 ad-

160 401 335 434 hibuerunt
362 401 526 443 harpyias.
572 401 724 441 Phineus,
752 403 905 444 Ayenoris
930 403 1029 444 filius,
1058 403 1216 435 Thracum
1242 414 1309 443 reae,
1336 405 1382 436 vel
1408 407 1444 436 nt
1461 410 1476 434 5

161 455 289 496 quidam
319 455 426 487 volant
451 454 621 497 Arcadiae,
654 455 862 497 Cleopatram,
894 456 1061 497 Aquilonis
1088 459 1115 488 et
1144 456 1302 498 Orithyiae
1332 458 1442 499 filiam,

159 508 268 540 habuit
287 517 413 540 amorem
436 510 464 539 et
485 518 523 540 eoe
545 518 583 540 ea
605 509 681 541 dnos
702 509 797 551 filios,
820 510 930 550 quibus
952 510 1139 550 supraduxz't
1160 520 1328 542 novercam.
1368 522 1442 551 qnos

158 571 287 593 noverca
308 561 352 593 ad
365 563 491 601 patrem
513 564 672 603 tamquam
693 564 796 604 stupri
819 563 1019 604 adfectatores
1047 564 1171 596 detulit:
1199 565 1234 596 ob
1261 575 1355 605 quam
1377 576 1442 597 rem

158 624 207 647 eos
228 614 368 647 Phineus
395 615 533 647 caecavit.
579 626 675 656 quare
701 617 779 648 irati
805 618 864 658 dii,
891 618 937 649 vel
964 620 1000 649 nt
1026 618 1153 658 qnidam
1181 619 1298 659 volant,
1325 618 1442 659 Aquilo

157 678 269 700 veneno
290 670 418 709 propter
445 671 588 709 nepotum
618 670 772 702 iniuriam
800 681 869 702 enm
896 672 1028 702 caecavit
1050 673 1079 703 et
1099 672 1143 703 ad
1157 672 1300 712 pelaqias
1323 672 1442 704 insulas
1463 677 1495 701 10

158 721 267 754 detulit
298 722 502 762 adposuitqw
537 722 693 763 harpyias.
748 734 829 765 quae
863 734 935 755 cum
969 724 999 755 ei
1037 724 1092 756 diu
1129 724 1217 757 eibos
1256 725 1442 767 abriperent

157 784 337 815 somnosque
359 775 578 817 inquietarent,
606 776 656 808 hio
678 776 842 818 Iasonem,
867 788 938 809 cum
955 776 1156 819 Argonautis
1180 780 1315 820 propter
1339 779 1441 811 vellus

121 834 123 836 ’
157 838 291 860 aureum
319 826 457 860 Colchos
486 831 664 871 petentem,
700 830 843 872 suscepit
871 830 1029 872 hospitio:
1063 831 1115 863 eui
1147 831 1246 863 etiam
1275 831 1441 864 ductorem

152 883 280 922 propter
308 881 521 922 sympleyadas
543 885 650 923 petras
677 882 774 915 dedit.
821 883 883 915 hoc
911 894 989 926 ergo
1018 884 1173 916 beneficio
1201 885 1312 917 inlecti
1336 885 1441 927 Argo-

156 936 289 975 nautae,
312 944 381 966 eam
403 935 432 966 ei
451 935 590 976 qratiam
612 936 724 968 vellent
745 936 871 976 referre,
896 937 1032 968 Zethum
1057 939 1089 969 et
1113 936 1243 978 Calain,
1272 938 1356 970 filios
1383 939 1441 971 Bo·
1461 942 1494 965 15

156 998 231 1020 reae
255 989 287 1019 et
310 987 494 1030 Orithyiae,
518 988 624 1020 alatos
652 989 797 1031 iuvenes,
826 989 866 1021 ad
889 990 1056 1031 pellendas
1085 990 1239 1032 harpyias
1268 992 1441 1024 miserunt:

157 1051 236 1082 quas
266 1052 338 1072 eum
367 1041 488 1073 strictis
523 1041 641 1083 gladiis
674 1045 946 1084 persequerentur
977 1043 1087 1084 pulsas
1119 1044 1157 1075 de
1187 1045 1338 1087 Arcadia,
1370 1056 1441 1087 per-

156 1096 314 1126 venerunt
348 1094 388 1126 ad
421 1094 545 1127 insulas
579 1106 661 1137 quae
695 1097 944 1137 appellabantur
976 1097 1096 1137 plotae.
1142 1098 1175 1128 et
1203 1108 1276 1129 eum
1304 1098 1439 1131 ulterius

155 1147 278 1179 vellent
305 1147 451 1189 tendere,
482 1148 523 1180 ab
546 1148 634 1192 Iride
663 1149 822 1181 admoniti
850 1151 887 1181 ut
915 1149 1108 1181 desisterent
1136 1161 1155 1182 a
1180 1150 1268 1182 Iovis
1297 1152 1440 1193 canibus,

157 1211 233 1233 suos
258 1203 486 1233 converterunt
504 1202 647 1234 volatus:
671 1213 809 1244 quorum
829 1203 1010 1244 conversio,
1033 1203 1065 1234 id
1084 1205 1134 1234 est
1153 1202 1299 1245 στροφὴ,
1323 1215 1440 1237 nomen
1459 1208 1493 1231 20

156 1254 271 1286 insulis
291 1254 389 1287 dedit.
422 1254 507 1295 quod
522 1254 716 1296 Apollonius
740 1255 930 1297 plenissime
949 1256 1126 1298 exequitur.
1161 1259 1198 1288 ut
1217 1259 1324 1289 autem
1344 1269 1439 1290 canes

155 1307 243 1340 Iovis
272 1307 468 1349 dicerentur,
500 1308 581 1339 haee
609 1309 695 1340 ratio
725 1311 787 1350 est,
821 1309 896 1351 quia
926 1309 1017 1350 ipsae
1045 1309 1148 1341 furiae
1178 1321 1247 1342 esse
1275 1311 1438 1343 dicuntur:

156 1361 239 1393 unde
264 1360 361 1393 etiam
389 1361 501 1402 epulas
525 1362 737 1403 perhibentur
761 1363 920 1404 abripere,
946 1363 1031 1404 quod
1050 1366 1101 1395 est
1119 1363 1291 1405 furiarum,
1315 1366 1352 1396 ut
1370 1364 1440 1405 <VI

156 1414 242 1455 606>
263 1415 300 1446 et
322 1414 497 1446 manibus
516 1415 730 1456 prohibent
750 1416 978 1458 contingere
998 1427 1157 1448 mensas.
1194 1416 1277 1448 unde
1297 1419 1329 1449 et
1348 1418 1438 1449 avari

155 1468 325 1509 finguntur
348 1467 450 1499 furias
474 1468 557 1509 pati,
582 1469 659 1510 quia
683 1469 849 1501 abstinent
872 1469 986 1510 partis.
1025 1469 1105 1501 item
1129 1470 1217 1511 ipsas
1241 1470 1342 1502 furias
1367 1482 1437 1502 esse
1457 1474 1490 1497 25

155 1520 252 1562 paulo
281 1522 356 1562 post
382 1520 452 1562 ipse
475 1523 616 1553 testatur
639 1522 747 1554 dicens
773 1522 881 1563 <252>
905 1522 1016 1554 vobis
1045 1522 1234 1555 furiarum
1263 1534 1333 1565 ego
1363 1536 1438 1556 ma-

228 1647 244 1670 2
263 1643 385 1670 Phineus
405 1652 428 1671 e.
448 1653 474 1678 q.
495 1644 529 1679 a]
554 1653 639 1673 exser.
658 1645 738 1672 Luct.
758 1645 834 1672 Plae.
859 1645 894 1672 ad
915 1645 984 1672 Stat.
1004 1645 1091 1672 Theb.
1111 1646 1176 1672 VIII
1195 1649 1246 1673 255
1266 1647 1406 1682 mythogr.
1426 1649 1439 1674 Ι

156 1680 325 1748 ξζοθίιεᾳιᾷμ
346 1680 371 1706 II
393 1682 442 1706 142
468 1680 497 1706 et
517 1683 558 1706 13.
592 1680 626 1707 ef.
646 1681 786 1716 mythogr.
806 1681 846 1707 III
866 1684 894 1715 5,
915 1684 931 1707 5
951 1690 990 1715 sq.
1010 1682 1020 1715 ΙΙ
1038 1684 1070 1708 21
1091 1681 1271 1718 Apollonius]
1288 1683 1391 1717 Argon.
1412 1684 1438 1709 II

229 1834 245 1857 2
265 1839 295 1857 se
313 1831 485 1866 pervenisse]
505 1831 697 1865 superuenisse
713 1831 744 1858 F
755 1833 764 1866 ΙΙ
778 1832 900 1859 Phineus
920 1853 926 1859 .
943 1854 948 1859 .
965 1854 971 1860 .
992 1833 1021 1859 et
1039 1832 1226 1860 adhibuerunt
1238 1833 1372 1867 harpyias
1387 1842 1437 1861 om.

158 1866 209 1900 Fu
223 1869 239 1893 3
258 1866 282 1892 is
303 1866 347 1900 011
361 1866 459 1893 liberis
478 1867 535 1893 suis
555 1866 619 1893 OM
630 1867 640 1901 ΙΙ
654 1870 670 1893 4
690 1867 727 1902 ei]
748 1867 777 1894 et
795 1868 821 1893 L
834 1868 843 1902 ΙΙ
857 1868 982 1895 tulerunt
1002 1867 1026 1894 C
1036 1869 1046 1902 ΙΙ
1060 1869 1089 1895 et
1107 1877 1156 1896 om.
1171 1869 1198 1894 L
1217 1869 1291 1902 (add.
1306 1869 1326 1902 l)
1341 1869 1350 1903 ss
1364 1872 1379 1895 5
1395 1878 1438 1896 ar-

178 1910 229 1936 yas
246 1901 306 1929 GH
321 1901 415 1935 arpias
429 1902 455 1928 L
475 1902 585 1936 arpyiae
601 1903 672 1928 ME
685 1903 694 1936 ΙΙ
708 1903 795 1929 fineus
814 1912 862 1930 rex
880 1903 1010 1938 agenoris
1028 1903 1102 1930 filius
1121 1904 1230 1930 tracum
1244 1904 1299 1930 fuit
1313 1904 1348 1937 F,
1368 1913 1437 1931 corr.

189 1937 264 1964 aniel
277 1938 287 1972 ΙΙ
301 1940 316 1964 6
337 1937 517 1972 Cleopatram
535 1938 648 1971 scripsi:
666 1938 824 1965 eleobolam
844 1939 874 1965 F
899 1939 1063 1966 Cleobulam
1081 1939 1185 1966 Daniel
1198 1940 1308 1973 primus
1321 1941 1331 1974 ss
1345 1941 1373 1966 et
1405 1949 1438 1967 ex

157 1972 187 1999 F
203 1973 213 2006 n
232 1973 330 2006 orythe
350 1973 380 1999 F
391 1974 400 2007 ΙΙ
420 1976 434 1999 7
455 1973 619 2007 superduxit
636 1973 741 2000 Daniel
769 1974 962 2008 superinduxit
981 1975 1137 2001 Masvicius
1151 1976 1261 2009 primus
1279 1975 1288 2009 ΙΙ
1309 1979 1324 2002 8
1345 1983 1361 2002 a
1381 1975 1435 2002 fee-

156 2009 233 2035 tores
248 2008 285 2040 F,
304 2016 373 2035 corr.
389 2009 545 2035 Maevieius
559 2010 568 2042 u
584 2012 617 2035 10
635 2009 754 2044 veneno]
769 2009 877 2036 Ventus
893 2010 1049 2037 Masvicius
1065 2011 1173 2044 primus
1187 2012 1196 2045 ss
1211 2013 1242 2037 11
1259 2010 1371 2045 arpyias
1387 2011 1417 2037 F
1429 2011 1438 2045 b]

158 2046 190 2070 13
211 2043 241 2069 in
259 2043 383 2078 hospitio
404 2044 463 2071 FO
475 2045 484 2079 ΙΙ
505 2047 537 2070 14
557 2044 750 2079 simpligiades
769 2046 865 2079 petros
885 2045 920 2077 F,
945 2054 1013 2072 corr.
1034 2045 1190 2073 Mas-vicine
1203 2046 1213 2080 ss
1229 2049 1260 2072 15
1279 2046 1380 2073 inferre
1401 2046 1436 2080 F,

155 2087 224 2106 corr.
246 2079 424 2114 Masvieiusu
442 2082 534 2106 zetum
554 2079 653 2106 FOM
666 2082 675 2113 ΙΙ
695 2083 727 2107 16
747 2081 881 2115 orythyae
902 2080 932 2107 F
957 2081 1087 2116 orythiae
1107 2081 1130 2108 0
1156 2082 1283 2115 horytiae
1301 2082 1328 2108 L
1355 2082 1436 2116 hory-

155 2114 240 2148 thyae
259 2114 294 2140 H
323 2114 449 2149 orithyae
470 2116 507 2142 M
528 2115 680 2142 horithiiae
699 2116 730 2142 E
751 2117 760 2150 ΙΙ
787 2116 891 2151 alatos]
912 2117 1018 2143 assatos
1038 2116 1069 2143 F
1093 2118 1204 2143 assutos
1225 2116 1248 2143 O
1267 2118 1277 2151 ΙΙ
1304 2117 1436 2151 arphyias

158 2149 264 2183 pelle're
284 2150 469 2184 conpulerunt
484 2151 521 2177 M
539 2152 581 2184 (at
599 2151 634 2178 ad
654 2151 835 2185 depellendas
855 2151 947 2186 arpias
961 2152 1097 2178 miserunt
1109 2160 1242 2186 superscr.
1257 2154 1293 2186 m)
1308 2154 1318 2186 ΙΙ
1331 2153 1436 2186 pellen-

154 2184 216 2220 dae]
236 2184 385 2219 fulgmdas
403 2187 462 2220 (leq.
482 2187 551 2221 fug.)
573 2186 603 2212 F
614 2188 623 2221 ΙΙ
637 2186 748 2221 arpyiae
764 2187 794 2213 F
817 2195 918 2222 arpyas
939 2187 962 2214 Ο
987 2187 1080 2222 arpias
1095 2188 1120 2213 L
1145 2189 1260 2222 arpytas
1275 2188 1306 2214 H
1318 2189 1327 2221 u
1343 2191 1374 2214 17
1394 2188 1435 2214 in-

154 2220 259 2247 strictis
271 2221 325 2247 Me
337 2221 347 2255 ΙΙ
360 2221 457 2255 pulsae
473 2222 503 2248 F
508 2222 531 2249 C'
542 2223 551 2255 ΙΙ
567 2225 599 2248 19
615 2222 651 2248 ab
665 2222 755 2249 iridea
769 2222 800 2248 F
817 2222 853 2249 ab
872 2222 943 2250 iride
962 2223 1023 2249 uati
1038 2223 1061 2250 0
1072 2224 1082 2258 ΙΙ
1096 2226 1130 2250 20
1145 2224 1174 2250 et
1188 2232 1251 2250 suos
1267 2223 1297 2249 F
1302 2223 1325 2249 0
1335 2224 1345 2257 ΙΙ
1359 2223 1434 2250 uela-

153 2256 199 2282 tus
215 2255 246 2282 F
255 2256 266 2290 ΙΙ
280 2256 366 2283 strofe
381 2256 424 2283 Fl
448 2258 562 2291 strophe
581 2257 647 2283 LH
651 2258 688 2284 M
693 2257 723 2284 E
735 2259 744 2291 ΙΙ
758 2261 790 2284 21
813 2258 966 2292 exquiritur
985 2258 1016 2285 F
1027 2259 1036 2292 ΙΙ
1051 2261 1084 2285 23
1103 2258 1287 2292 perhibentur
1302 2258 1434 2284 FCEm:

158 2291 287 2318 dicuntur
305 2291 369 2318 LH
373 2293 409 2318 M
428 2293 438 2326 ΙΙ
460 2296 495 2319 24
512 2292 644 2326 prohibet
662 2293 693 2319 F
709 2294 718 2327 ΙΙ
742 2296 776 2320 25
795 2293 862 2327 quie¹
882 2294 964 2320 ME:
983 2294 1031 2328 qui
1051 2294 1178 2321 FCLH
1193 2295 1202 2328 ΙΙ
1224 2294 1275 2320 has
1296 2294 1332 2320 M
1349 2293 1435 2328 (ipsas

154 2327 191 2359 m)
205 2327 215 2361 n
229 2329 262 2353 26
282 2326 355 2362 ipse]
375 2326 450 2355 idem
469 2328 564 2355 HEm
577 2329 586 2363 ΙΙ
601 2328 695 2355 dicens
715 2330 747 2356 ut
765 2329 862 2356 LHE
