<?xml version="1.0" encoding="UTF-8"?>
<!DOCTYPE html PUBLIC "-//W3C//DTD XHTML 1.0 Transitional//EN"
    "http://www.w3.org/TR/xhtml1/DTD/xhtml1-transitional.dtd">
<html xmlns="http://www.w3.org/1999/xhtml" xml:lang="en" lang="en">
 <head>
  <title>
</title>
<meta http-equiv="Content-Type" content="text/html;charset=utf-8" />
  <meta name='ocr-system' content='tesseract 3.04.00' />
  <meta name='ocr-capabilities' content='ocr_page ocr_carea ocr_par ocr_line ocrx_word'/>
</head>
<body>
  <div class='ocr_page' id='page_1' title='image "./invergiliicarmin00servuoft/invergiliicarmin00servuoft_0323.png"; bbox 0 0 1630 2684; ppageno 0'>
   <div class='ocr_carea' id='block_1_1' title="bbox 493 160 1445 193">
    <p class='ocr_par' dir='ltr' id='par_1_1' title="bbox 493 160 1445 193">
     <span class='ocr_line' id='line_1_1' title="bbox 493 160 1445 193; baseline 0 -4"><span class='ocrx_word' id='word_1_1' title='bbox 493 161 607 189; x_wconf 84' lang='lat' dir='ltr'>COMM.</span> <span class='ocrx_word' id='word_1_2' title='bbox 626 161 667 188; x_wconf 89' lang='lat' dir='ltr'><em>IN</em></span> <span class='ocrx_word' id='word_1_3' title='bbox 685 160 794 188; x_wconf 81' lang='lat' dir='ltr'><strong>VERG.</strong></span> <span class='ocrx_word' id='word_1_4' title='bbox 814 161 898 188; x_wconf 78' lang='lat' dir='ltr'>AEN.</span> <span class='ocrx_word' id='word_1_5' title='bbox 918 161 951 188; x_wconf 91' lang='grc' dir='ltr'><em>ΙΙ.</em></span> <span class='ocrx_word' id='word_1_6' title='bbox 972 164 1122 189; x_wconf 73' lang='grc'><strong>617-632,</strong></span> <span class='ocrx_word' id='word_1_7' title='bbox 1382 161 1445 193; x_wconf 87' lang='lat'><em>311</em></span> 
     </span>
    </p>
   </div>
   <div class='ocr_carea' id='block_1_2' title="bbox 159 242 1499 1677">
    <p class='ocr_par' dir='ltr' id='par_1_2' title="bbox 163 242 1448 447">
     <span class='ocr_line' id='line_1_2' title="bbox 163 242 1445 284; baseline -0.002 -7"><span class='ocrx_word' id='word_1_8' title='bbox 163 245 416 277; x_wconf 83' lang='lat' dir='ltr'><em>intervenientes</em></span> <span class='ocrx_word' id='word_1_9' title='bbox 441 242 640 276; x_wconf 79' lang='lat' dir='ltr'><em>anaeretioos</em></span> <span class='ocrx_word' id='word_1_10' title='bbox 669 243 861 284; x_wconf 78' lang='lat' dir='ltr'><em>temperant.</em></span> <span class='ocrx_word' id='word_1_11' title='bbox 952 256 1105 276; x_wconf 67' lang='lat' dir='ltr'><em>Aefflnfflvr</em></span> <span class='ocrx_word' id='word_1_12' title='bbox 1123 256 1215 276; x_wconf 60' lang='lat' dir='ltr'><em>oman</em></span> <span class='ocrx_word' id='word_1_13' title='bbox 1234 244 1348 284; x_wconf 67' lang='lat' dir='ltr'><em>meurs]</em></span> <span class='ocrx_word' id='word_1_14' title='bbox 1377 243 1445 283; x_wconf 85' lang='lat' dir='ltr'><em>[vel]</em></span> 
     </span>
     <span class='ocr_line' id='line_1_3' title="bbox 163 296 1448 339; baseline -0.001 -9"><span class='ocrx_word' id='word_1_15' title='bbox 163 299 238 339; x_wconf 80' lang='lat' dir='ltr'><em>quia</em></span> <span class='ocrx_word' id='word_1_16' title='bbox 262 297 371 331; x_wconf 77' lang='lat' dir='ltr'><em>‘dirae&#39;</em></span> <span class='ocrx_word' id='word_1_17' title='bbox 394 297 591 339; x_wconf 64' lang='lat' dir='ltr'><em>appellantur</em></span> <span class='ocrx_word' id='word_1_18' title='bbox 613 306 692 338; x_wconf 77' lang='lat' dir='ltr'><em>quae</em></span> <span class='ocrx_word' id='word_1_19' title='bbox 713 298 787 328; x_wconf 79' lang='lat' dir='ltr'><em>sunt</em></span> <span class='ocrx_word' id='word_1_20' title='bbox 808 296 844 327; x_wconf 88' lang='lat' dir='ltr'><em>in</em></span> <span class='ocrx_word' id='word_1_21' title='bbox 866 296 1038 328; x_wconf 86' lang='lat' dir='ltr'><em>ministerio</em></span> <span class='ocrx_word' id='word_1_22' title='bbox 1061 296 1159 337; x_wconf 82' lang='lat' dir='ltr'><em>Iovis,</em></span> <span class='ocrx_word' id='word_1_23' title='bbox 1182 298 1305 337; x_wconf 81' lang='lat' dir='ltr'><em>quando</em></span> <span class='ocrx_word' id='word_1_24' title='bbox 1328 297 1448 329; x_wconf 81' lang='lat' dir='ltr'><em>morbos</em></span> 
     </span>
     <span class='ocr_line' id='line_1_4' title="bbox 164 349 1447 392; baseline -0.001 -8"><span class='ocrx_word' id='word_1_25' title='bbox 164 354 220 384; x_wconf 87' lang='lat' dir='ltr'><em>aut</em></span> <span class='ocrx_word' id='word_1_26' title='bbox 241 352 333 384; x_wconf 84' lang='lat' dir='ltr'><em>letum</em></span> <span class='ocrx_word' id='word_1_27' title='bbox 355 353 412 383; x_wconf 78' lang='lat' dir='ltr'><em>aut</em></span> <span class='ocrx_word' id='word_1_28' title='bbox 433 351 543 383; x_wconf 83' lang='lat' dir='ltr'><em>bellum</em></span> <span class='ocrx_word' id='word_1_29' title='bbox 565 349 742 382; x_wconf 83' lang='lat' dir='ltr'><em>hominibus</em></span> <span class='ocrx_word' id='word_1_30' title='bbox 763 349 904 389; x_wconf 84' lang='lat' dir='ltr'><em>molitur,</em></span> <span class='ocrx_word' id='word_1_31' title='bbox 928 349 1004 389; x_wconf 44' lang='lat' dir='ltr'><em>qnia</em></span> <span class='ocrx_word' id='word_1_32' title='bbox 1026 350 1062 381; x_wconf 89' lang='lat' dir='ltr'><em>in</em></span> <span class='ocrx_word' id='word_1_33' title='bbox 1085 350 1168 381; x_wconf 91' lang='lat' dir='ltr'><strong><em>XII.</em></strong></span> <span class='ocrx_word' id='word_1_34' title='bbox 1192 351 1239 381; x_wconf 84' lang='lat' dir='ltr'><em>ait</em></span> <span class='ocrx_word' id='word_1_35' title='bbox 1261 350 1368 392; x_wconf 83' lang='lat'>&lt;845&gt;</span> <span class='ocrx_word' id='word_1_36' title='bbox 1393 351 1447 383; x_wconf 86' lang='lat' dir='ltr'><em>di-</em></span> 
     </span>
     <span class='ocr_line' id='line_1_5' title="bbox 164 402 1011 447; baseline -0.002 -9"><span class='ocrx_word' id='word_1_37' title='bbox 164 405 488 447; x_wconf 75' lang='lat' dir='ltr'><em>cunturyeminae</em></span> <span class='ocrx_word' id='word_1_38' title='bbox 504 406 627 445; x_wconf 76' lang='lat' dir='ltr'><em>pestes</em></span> <span class='ocrx_word' id='word_1_39' title='bbox 649 403 862 444; x_wconf 78' lang='lat' dir='ltr'><em>coynomine</em></span> <span class='ocrx_word' id='word_1_40' title='bbox 884 402 1011 436; x_wconf 87' lang='lat' dir='ltr'><em>Dirae.</em></span> 
     </span>
    </p>

    <p class='ocr_par' dir='ltr' id='par_1_3' title="bbox 163 456 1481 545">
     <span class='ocr_line' id='line_1_6' title="bbox 253 456 1481 498; baseline -0.002 -7"><span class='ocrx_word' id='word_1_41' title='bbox 253 458 327 491; x_wconf 85' lang='grc'><strong>623.</strong></span> <span class='ocrx_word' id='word_1_42' title='bbox 363 470 479 490; x_wconf 63' lang='lat' dir='ltr'><em>mmm-1</em></span> <span class='ocrx_word' id='word_1_43' title='bbox 500 470 601 490; x_wconf 66' lang='lat' dir='ltr'><em>mom</em></span> <span class='ocrx_word' id='word_1_44' title='bbox 624 457 699 498; x_wconf 77' lang='lat' dir='ltr'><em>quia</em></span> <span class='ocrx_word' id='word_1_45' title='bbox 721 456 825 489; x_wconf 87' lang='lat' dir='ltr'><em>Iovem</em></span> <span class='ocrx_word' id='word_1_46' title='bbox 844 456 996 489; x_wconf 83' lang='lat' dir='ltr'><em>Iunonem</em></span> <span class='ocrx_word' id='word_1_47' title='bbox 1016 456 1196 497; x_wconf 75' lang='lat' dir='ltr'><em>Neptunum</em></span> <span class='ocrx_word' id='word_1_48' title='bbox 1219 459 1248 489; x_wconf 86' lang='lat' dir='ltr'><em>et</em></span> <span class='ocrx_word' id='word_1_49' title='bbox 1269 457 1447 490; x_wconf 81' lang='lat' dir='ltr'><em>Minervam</em></span> <span class='ocrx_word' id='word_1_50' title='bbox 1466 464 1481 488; x_wconf 83' lang='lat'>5</span> 
     </span>
     <span class='ocr_line' id='line_1_7' title="bbox 163 513 803 545; baseline -0.003 0"><span class='ocrx_word' id='word_1_51' title='bbox 163 513 292 545; x_wconf 75' lang='lat' dir='ltr'><strong><em>dixerat.</em></strong></span> <span class='ocrx_word' id='word_1_52' title='bbox 324 535 327 537; x_wconf 22' lang='grc' dir='ltr'><strong>Α</strong></span> <span class='ocrx_word' id='word_1_53' title='bbox 799 521 803 524; x_wconf 26' lang='grc' dir='ltr'><strong>Α</strong></span> 
     </span>
    </p>

    <p class='ocr_par' dir='ltr' id='par_1_4' title="bbox 161 562 1499 759">
     <span class='ocr_line' id='line_1_8' title="bbox 253 562 1447 606; baseline -0.003 -8"><span class='ocrx_word' id='word_1_54' title='bbox 253 565 326 598; x_wconf 88' lang='grc'><strong>624.</strong></span> <span class='ocrx_word' id='word_1_55' title='bbox 364 573 438 597; x_wconf 80' lang='lat' dir='ltr'><em>TVM</em></span> <span class='ocrx_word' id='word_1_56' title='bbox 461 572 556 596; x_wconf 80' lang='lat' dir='ltr'>VERO</span> <span class='ocrx_word' id='word_1_57' title='bbox 586 564 662 605; x_wconf 88' lang='lat' dir='ltr'><em>quia</em></span> <span class='ocrx_word' id='word_1_58' title='bbox 685 566 759 596; x_wconf 88' lang='lat' dir='ltr'><em>ante</em></span> <span class='ocrx_word' id='word_1_59' title='bbox 783 565 817 595; x_wconf 79' lang='lat' dir='ltr'><em>et</em></span> <span class='ocrx_word' id='word_1_60' title='bbox 841 564 881 595; x_wconf 93' lang='lat' dir='ltr'><em>ab</em></span> <span class='ocrx_word' id='word_1_61' title='bbox 905 562 1047 595; x_wconf 75' lang='lat' dir='ltr'>Hectore</span> <span class='ocrx_word' id='word_1_62' title='bbox 1076 563 1236 605; x_wconf 81' lang='lat' dir='ltr'><em>audierat,</em></span> <span class='ocrx_word' id='word_1_63' title='bbox 1267 565 1300 596; x_wconf 80' lang='lat' dir='ltr'><em>et</em></span> <span class='ocrx_word' id='word_1_64' title='bbox 1326 575 1384 606; x_wconf 85' lang='lat' dir='ltr'><em>per</em></span> <span class='ocrx_word' id='word_1_65' title='bbox 1413 576 1447 596; x_wconf 81' lang='lat' dir='ltr'><em>se</em></span> 
     </span>
     <span class='ocr_line' id='line_1_9' title="bbox 162 617 1447 660; baseline -0.001 -9"><span class='ocrx_word' id='word_1_66' title='bbox 162 619 288 651; x_wconf 85' lang='lat' dir='ltr'><em>viderat</em></span> <span class='ocrx_word' id='word_1_67' title='bbox 316 618 418 651; x_wconf 80' lang='lat' dir='ltr'><em>everti</em></span> <span class='ocrx_word' id='word_1_68' title='bbox 443 617 589 658; x_wconf 82' lang='lat' dir='ltr'>Troiam,</span> <span class='ocrx_word' id='word_1_69' title='bbox 618 617 673 649; x_wconf 88' lang='lat' dir='ltr'><em>sed</em></span> <span class='ocrx_word' id='word_1_70' title='bbox 702 629 767 649; x_wconf 90' lang='lat' dir='ltr'><em>non</em></span> <span class='ocrx_word' id='word_1_71' title='bbox 797 628 939 659; x_wconf 81' lang='lat' dir='ltr'><em>omnem3</em></span> <span class='ocrx_word' id='word_1_72' title='bbox 970 618 1110 658; x_wconf 76' lang='lat' dir='ltr'><em>sinyulas</em></span> <span class='ocrx_word' id='word_1_73' title='bbox 1137 618 1220 649; x_wconf 82' lang='lat' dir='ltr'><em>enim</em></span> <span class='ocrx_word' id='word_1_74' title='bbox 1246 628 1294 649; x_wconf 87' lang='lat' dir='ltr'><em>res</em></span> <span class='ocrx_word' id='word_1_75' title='bbox 1320 619 1447 660; x_wconf 81' lang='lat' dir='ltr'><em>viderat,</em></span> 
     </span>
     <span class='ocr_line' id='line_1_10' title="bbox 161 670 1448 714; baseline -0.002 -8"><span class='ocrx_word' id='word_1_76' title='bbox 161 676 198 706; x_wconf 82' lang='lat' dir='ltr'><em>ut</em></span> <span class='ocrx_word' id='word_1_77' title='bbox 219 672 327 714; x_wconf 76' lang='lat'><strong>(311)</strong></span> <span class='ocrx_word' id='word_1_78' title='bbox 350 673 425 704; x_wconf 89' lang='lat' dir='ltr'><em>iam</em></span> <span class='ocrx_word' id='word_1_79' title='bbox 446 671 643 712; x_wconf 76' lang='lat' dir='ltr'><em>proximus</em></span> <span class='ocrx_word' id='word_1_80' title='bbox 673 670 864 712; x_wconf 75' lang='lat' dir='ltr'><em>Ucaleyon.</em></span> <span class='ocrx_word' id='word_1_81' title='bbox 910 671 956 703; x_wconf 83' lang='lat' dir='ltr'><em>vel</em></span> <span class='ocrx_word' id='word_1_82' title='bbox 980 670 1063 703; x_wconf 76' lang='lat' dir='ltr'><em>‘tum</em></span> <span class='ocrx_word' id='word_1_83' title='bbox 1085 671 1179 710; x_wconf 83' lang='lat' dir='ltr'><em>vero&#39;,</em></span> <span class='ocrx_word' id='word_1_84' title='bbox 1206 672 1328 712; x_wconf 79' lang='lat' dir='ltr'><em>quando</em></span> <span class='ocrx_word' id='word_1_85' title='bbox 1351 674 1380 704; x_wconf 91' lang='lat' dir='ltr'><em>et</em></span> <span class='ocrx_word' id='word_1_86' title='bbox 1401 673 1448 704; x_wconf 82' lang='lat' dir='ltr'><em>dii</em></span> 
     </span>
     <span class='ocr_line' id='line_1_11' title="bbox 161 726 1499 759; baseline -0.002 0"><span class='ocrx_word' id='word_1_87' title='bbox 161 727 221 759; x_wconf 74' lang='lat' dir='ltr'><em>visi</em></span> <span class='ocrx_word' id='word_1_88' title='bbox 243 728 317 759; x_wconf 80' lang='lat' dir='ltr'><em>sunt</em></span> <span class='ocrx_word' id='word_1_89' title='bbox 337 726 509 758; x_wconf 75' lang='lat' dir='ltr'><em>saevientes.</em></span> <span class='ocrx_word' id='word_1_90' title='bbox 1467 733 1499 756; x_wconf 92' lang='lat'><em>10</em></span> 
     </span>
    </p>

    <p class='ocr_par' dir='ltr' id='par_1_5' title="bbox 161 771 1448 928">
     <span class='ocr_line' id='line_1_12' title="bbox 252 771 1448 820; baseline -0.001 -8"><span class='ocrx_word' id='word_1_91' title='bbox 252 779 326 812; x_wconf 83' lang='grc'><strong>625.</strong></span> <span class='ocrx_word' id='word_1_92' title='bbox 362 793 402 812; x_wconf 78' lang='lat' dir='ltr'><em>ET</em></span> <span class='ocrx_word' id='word_1_93' title='bbox 419 792 460 812; x_wconf 73' lang='lat' dir='ltr'><em>EX</em></span> <span class='ocrx_word' id='word_1_94' title='bbox 479 792 531 811; x_wconf 77' lang='lat' dir='ltr'><em>mo</em></span> <span class='ocrx_word' id='word_1_95' title='bbox 556 791 643 810; x_wconf 75' lang='lat' dir='ltr'><em>VERTI</em></span> <span class='ocrx_word' id='word_1_96' title='bbox 669 778 744 818; x_wconf 79' lang='lat' dir='ltr'><em>quia</em></span> <span class='ocrx_word' id='word_1_97' title='bbox 771 771 924 818; x_wconf 61' lang='lat' dir='ltr'><em>superiori</em></span> <span class='ocrx_word' id='word_1_98' title='bbox 951 778 1080 820; x_wconf 71' lang='lat' dir='ltr'><em>excidio,</em></span> <span class='ocrx_word' id='word_1_99' title='bbox 1107 779 1229 819; x_wconf 80' lang='lat' dir='ltr'><em>quando</em></span> <span class='ocrx_word' id='word_1_100' title='bbox 1253 778 1291 810; x_wconf 83' lang='lat' dir='ltr'><em>ab</em></span> <span class='ocrx_word' id='word_1_101' title='bbox 1314 779 1448 811; x_wconf 80' lang='lat' dir='ltr'><em>Hercule</em></span> 
     </span>
     <span class='ocr_line' id='line_1_13' title="bbox 161 831 1447 875; baseline -0.001 -10"><span class='ocrx_word' id='word_1_102' title='bbox 161 836 338 875; x_wconf 69' lang='lat' dir='ltr'><em>ezpuyrmta</em></span> <span class='ocrx_word' id='word_1_103' title='bbox 365 835 421 874; x_wconf 86' lang='lat' dir='ltr'><em>est,</em></span> <span class='ocrx_word' id='word_1_104' title='bbox 451 842 504 864; x_wconf 87' lang='lat' dir='ltr'><em>nec</em></span> <span class='ocrx_word' id='word_1_105' title='bbox 532 842 620 864; x_wconf 88' lang='lat' dir='ltr'><em>omne</em></span> <span class='ocrx_word' id='word_1_106' title='bbox 642 831 742 863; x_wconf 87' lang='lat' dir='ltr'><em>Ilium</em></span> <span class='ocrx_word' id='word_1_107' title='bbox 769 832 954 870; x_wconf 77' lang='lat' dir='ltr'><em>conciderat,</em></span> <span class='ocrx_word' id='word_1_108' title='bbox 984 841 1037 863; x_wconf 85' lang='lat' dir='ltr'><em>nec</em></span> <span class='ocrx_word' id='word_1_109' title='bbox 1064 842 1102 864; x_wconf 73' lang='lat' dir='ltr'><em>ex</em></span> <span class='ocrx_word' id='word_1_110' title='bbox 1128 832 1191 863; x_wconf 86' lang='lat' dir='ltr'><em>imo</em></span> <span class='ocrx_word' id='word_1_111' title='bbox 1217 832 1322 872; x_wconf 83' lang='lat' dir='ltr'><em>fuerat</em></span> <span class='ocrx_word' id='word_1_112' title='bbox 1350 833 1447 864; x_wconf 84' lang='lat' dir='ltr'><em>Troia</em></span> 
     </span>
     <span class='ocr_line' id='line_1_14' title="bbox 161 881 1071 928; baseline -0.004 -8"><span class='ocrx_word' id='word_1_113' title='bbox 161 881 312 920; x_wconf 77' lang='lat' dir='ltr'><em>subversa.</em></span> <span class='ocrx_word' id='word_1_114' title='bbox 350 897 409 928; x_wconf 78' lang='lat' dir='ltr'><em>per</em></span> <span class='ocrx_word' id='word_1_115' title='bbox 430 886 502 918; x_wconf 81' lang='lat' dir='ltr'><em>haec</em></span> <span class='ocrx_word' id='word_1_116' title='bbox 525 896 593 927; x_wconf 75' lang='lat' dir='ltr'><em>erqo</em></span> <span class='ocrx_word' id='word_1_117' title='bbox 616 886 653 926; x_wconf 74' lang='lat' dir='ltr'><em>fit</em></span> <span class='ocrx_word' id='word_1_118' title='bbox 675 886 784 917; x_wconf 81' lang='lat' dir='ltr'><em>certior</em></span> <span class='ocrx_word' id='word_1_119' title='bbox 806 895 902 917; x_wconf 83' lang='lat' dir='ltr'><em>causa</em></span> <span class='ocrx_word' id='word_1_120' title='bbox 922 885 1071 928; x_wconf 72' lang='lat' dir='ltr'><em>fuyiendi.</em></span> 
     </span>
    </p>

    <p class='ocr_par' dir='ltr' id='par_1_6' title="bbox 160 936 1498 1144">
     <span class='ocr_line' id='line_1_15' title="bbox 251 936 1470 981; baseline -0.002 -8"><span class='ocrx_word' id='word_1_121' title='bbox 251 940 324 973; x_wconf 82' lang='lat'><strong>626.</strong></span> <span class='ocrx_word' id='word_1_122' title='bbox 363 953 464 973; x_wconf 74' lang='lat' dir='ltr'><em>offlvm</em></span> <span class='ocrx_word' id='word_1_123' title='bbox 484 940 552 980; x_wconf 79' lang='lat' dir='ltr'><em>†p.</em></span> <span class='ocrx_word' id='word_1_124' title='bbox 567 965 573 971; x_wconf 95' lang='lat'>.</span> <span class='ocrx_word' id='word_1_125' title='bbox 590 963 618 971; x_wconf 92' lang='lat'><em>..</em></span> <span class='ocrx_word' id='word_1_126' title='bbox 640 938 754 971; x_wconf 81' lang='lat' dir='ltr'><em>Oceani</em></span> <span class='ocrx_word' id='word_1_127' title='bbox 770 939 853 980; x_wconf 75' lang='lat' dir='ltr'><em>filia,</em></span> <span class='ocrx_word' id='word_1_128' title='bbox 876 949 897 970; x_wconf 98' lang='lat' dir='ltr'><em>a</em></span> <span class='ocrx_word' id='word_1_129' title='bbox 915 939 1103 980; x_wconf 65' lang='lat' dir='ltr'><em>Sarpedone,</em></span> <span class='ocrx_word' id='word_1_130' title='bbox 1122 939 1182 970; x_wconf 85' lang='lat' dir='ltr'><em>Ilii</em></span> <span class='ocrx_word' id='word_1_131' title='bbox 1194 939 1274 981; x_wconf 73' lang='lat' dir='ltr'><em>filio,</em></span> <span class='ocrx_word' id='word_1_132' title='bbox 1298 939 1447 971; x_wconf 84' lang='lat' dir='ltr'><em>adamata</em></span> <span class='ocrx_word' id='word_1_133' title='bbox 1463 936 1470 943; x_wconf 87' lang='grc'><em>“</em></span> 
     </span>
     <span class='ocr_line' id='line_1_16' title="bbox 160 992 1498 1035; baseline -0.002 -8"><span class='ocrx_word' id='word_1_134' title='bbox 160 997 212 1027; x_wconf 88' lang='lat' dir='ltr'><em>est.</em></span> <span class='ocrx_word' id='word_1_135' title='bbox 255 1004 345 1035; x_wconf 80' lang='lat' dir='ltr'><em>quem</em></span> <span class='ocrx_word' id='word_1_136' title='bbox 377 1003 446 1025; x_wconf 89' lang='lat' dir='ltr'><em>cum</em></span> <span class='ocrx_word' id='word_1_137' title='bbox 478 993 572 1033; x_wconf 81' lang='lat' dir='ltr'><em>[veni]</em></span> <span class='ocrx_word' id='word_1_138' title='bbox 605 993 777 1033; x_wconf 73' lang='lat' dir='ltr'><em>sprevisset,</em></span> <span class='ocrx_word' id='word_1_139' title='bbox 807 992 938 1032; x_wconf 75' lang='lat' dir='ltr'><em>faciente</em></span> <span class='ocrx_word' id='word_1_140' title='bbox 972 992 1096 1031; x_wconf 86' lang='lat' dir='ltr'><em>Venere,</em></span> <span class='ocrx_word' id='word_1_141' title='bbox 1128 992 1273 1024; x_wconf 84' lang='lat' dir='ltr'><em>Iasonem</em></span> <span class='ocrx_word' id='word_1_142' title='bbox 1305 995 1377 1024; x_wconf 83' lang='lat' dir='ltr'><em>tunc</em></span> <span class='ocrx_word' id='word_1_143' title='bbox 1406 993 1449 1025; x_wconf 87' lang='lat' dir='ltr'><em>ad</em></span> <span class='ocrx_word' id='word_1_144' title='bbox 1467 999 1498 1024; x_wconf 89' lang='lat'><em>15</em></span> 
     </span>
     <span class='ocr_line' id='line_1_17' title="bbox 161 1045 1446 1087; baseline -0.002 -7"><span class='ocrx_word' id='word_1_145' title='bbox 161 1047 285 1080; x_wconf 78' lang='lat' dir='ltr'><em>Colchos</em></span> <span class='ocrx_word' id='word_1_146' title='bbox 308 1049 427 1079; x_wconf 88' lang='lat' dir='ltr'><em>euntem</em></span> <span class='ocrx_word' id='word_1_147' title='bbox 450 1046 649 1087; x_wconf 71' lang='lat' dir='ltr'><em>inefficaciter</em></span> <span class='ocrx_word' id='word_1_148' title='bbox 672 1046 838 1077; x_wconf 80' lang='lat' dir='ltr'><em>adamavit.</em></span> <span class='ocrx_word' id='word_1_149' title='bbox 875 1055 935 1086; x_wconf 75' lang='lat' dir='ltr'><em>quo</em></span> <span class='ocrx_word' id='word_1_150' title='bbox 954 1045 1074 1078; x_wconf 78' lang='lat' dir='ltr'><em>absente</em></span> <span class='ocrx_word' id='word_1_151' title='bbox 1091 1046 1165 1086; x_wconf 88' lang='lat' dir='ltr'><em>†ad</em></span> <span class='ocrx_word' id='word_1_152' title='bbox 1187 1045 1268 1078; x_wconf 79' lang='lat' dir='ltr'><em>luchi</em></span> <span class='ocrx_word' id='word_1_153' title='bbox 1290 1047 1446 1086; x_wconf 77' lang='lat' dir='ltr'><em>conficere-</em></span> 
     </span>
     <span class='ocr_line' id='line_1_18' title="bbox 161 1100 899 1144; baseline -0.004 -10"><span class='ocrx_word' id='word_1_154' title='bbox 161 1104 225 1144; x_wconf 86' lang='lat' dir='ltr'><em>tur,</em></span> <span class='ocrx_word' id='word_1_155' title='bbox 248 1102 283 1133; x_wconf 87' lang='lat' dir='ltr'><em>in</em></span> <span class='ocrx_word' id='word_1_156' title='bbox 304 1101 385 1132; x_wconf 81' lang='lat' dir='ltr'><em>hane</em></span> <span class='ocrx_word' id='word_1_157' title='bbox 407 1100 546 1132; x_wconf 83' lang='lat' dir='ltr'><em>arborem</em></span> <span class='ocrx_word' id='word_1_158' title='bbox 569 1100 683 1131; x_wconf 86' lang='lat' dir='ltr'><em>dicitur</em></span> <span class='ocrx_word' id='word_1_159' title='bbox 706 1101 899 1132; x_wconf 86' lang='lat' dir='ltr'><em>commutata.</em></span> 
     </span>
    </p>

    <p class='ocr_par' dir='ltr' id='par_1_7' title="bbox 160 1150 1446 1249">
     <span class='ocr_line' id='line_1_19' title="bbox 250 1150 1446 1193; baseline -0.001 -7"><span class='ocrx_word' id='word_1_160' title='bbox 250 1154 324 1186; x_wconf 80' lang='lat'>627.</span> <span class='ocrx_word' id='word_1_161' title='bbox 361 1167 454 1186; x_wconf 66' lang='lat' dir='ltr'><em>mano</em></span> <span class='ocrx_word' id='word_1_162' title='bbox 474 1167 513 1186; x_wconf 78' lang='lat' dir='ltr'><em>ET</em></span> <span class='ocrx_word' id='word_1_163' title='bbox 531 1154 721 1193; x_wconf 67' lang='lat' dir='ltr'><em>swnmvlssrs]</em></span> <span class='ocrx_word' id='word_1_164' title='bbox 747 1153 783 1184; x_wconf 79' lang='grc' dir='ltr'><em>ἓν</em></span> <span class='ocrx_word' id='word_1_165' title='bbox 807 1150 863 1184; x_wconf 80' lang='grc' dir='ltr'><em>διὰ</em></span> <span class='ocrx_word' id='word_1_166' title='bbox 888 1153 996 1185; x_wconf 76' lang='grc' dir='ltr'><em>δυοῖν.</em></span> <span class='ocrx_word' id='word_1_167' title='bbox 1082 1161 1197 1185; x_wconf 79' lang='lat' dir='ltr'>FERRO</span> <span class='ocrx_word' id='word_1_168' title='bbox 1221 1162 1265 1185; x_wconf 81' lang='grc' dir='ltr'><em>ΕΤ</em></span> <span class='ocrx_word' id='word_1_169' title='bbox 1289 1162 1446 1185; x_wconf 84' lang='lat' dir='ltr'>BIPENNI-</span> 
     </span>
     <span class='ocr_line' id='line_1_20' title="bbox 160 1200 1187 1249; baseline -0.003 -9"><span class='ocrx_word' id='word_1_170' title='bbox 160 1216 225 1241; x_wconf 80' lang='lat' dir='ltr'><em>Bvs</em></span> <span class='ocrx_word' id='word_1_171' title='bbox 250 1208 434 1249; x_wconf 74' lang='lat' dir='ltr'><em>tautologia</em></span> <span class='ocrx_word' id='word_1_172' title='bbox 457 1209 516 1239; x_wconf 84' lang='lat' dir='ltr'><em>est.</em></span> <span class='ocrx_word' id='word_1_173' title='bbox 1165 1200 1187 1207; x_wconf 57' lang='lat'><strong><em>⁹</em></strong></span> 
     </span>
    </p>

    <p class='ocr_par' dir='ltr' id='par_1_8' title="bbox 251 1260 1498 1303">
     <span class='ocr_line' id='line_1_21' title="bbox 251 1260 1498 1303; baseline -0.002 -9"><span class='ocrx_word' id='word_1_174' title='bbox 251 1262 325 1294; x_wconf 90' lang='grc'><strong>628.</strong></span> <span class='ocrx_word' id='word_1_175' title='bbox 360 1270 498 1293; x_wconf 77' lang='lat' dir='ltr'>ERVERE</span> <span class='ocrx_word' id='word_1_176' title='bbox 520 1271 580 1302; x_wconf 89' lang='lat' dir='ltr'><em>pro</em></span> <span class='ocrx_word' id='word_1_177' title='bbox 604 1260 728 1292; x_wconf 84' lang='lat' dir='ltr'><em>deicere</em></span> <span class='ocrx_word' id='word_1_178' title='bbox 752 1262 786 1292; x_wconf 86' lang='lat' dir='ltr'><em>et</em></span> <span class='ocrx_word' id='word_1_179' title='bbox 809 1263 860 1293; x_wconf 81' lang='lat' dir='ltr'><em>est</em></span> <span class='ocrx_word' id='word_1_180' title='bbox 884 1261 1080 1303; x_wconf 82' lang='lat' dir='ltr'><em>acyrologia.</em></span> <span class='ocrx_word' id='word_1_181' title='bbox 1182 1274 1272 1297; x_wconf 56' lang='lat' dir='ltr'><em>vsqve</em></span> <span class='ocrx_word' id='word_1_182' title='bbox 1295 1264 1358 1293; x_wconf 86' lang='lat' dir='ltr'><em>tam</em></span> <span class='ocrx_word' id='word_1_183' title='bbox 1381 1261 1445 1293; x_wconf 85' lang='lat' dir='ltr'><em>diu.</em></span> <span class='ocrx_word' id='word_1_184' title='bbox 1464 1267 1498 1291; x_wconf 79' lang='lat'><em>20</em></span> 
     </span>
    </p>

    <p class='ocr_par' dir='ltr' id='par_1_9' title="bbox 160 1313 1446 1402">
     <span class='ocr_line' id='line_1_22' title="bbox 227 1313 1446 1360; baseline -0.002 -12"><span class='ocrx_word' id='word_1_185' title='bbox 227 1324 384 1348; x_wconf 77' lang='lat' dir='ltr'><strong>MINATVR</strong></span> <span class='ocrx_word' id='word_1_186' title='bbox 408 1317 464 1347; x_wconf 83' lang='lat' dir='ltr'><em>aut</em></span> <span class='ocrx_word' id='word_1_187' title='bbox 489 1313 650 1355; x_wconf 74' lang='lat' dir='ltr'><em>‘eminet&#39;‚</em></span> <span class='ocrx_word' id='word_1_188' title='bbox 679 1315 715 1346; x_wconf 79' lang='lat' dir='ltr'><em>ut</em></span> <span class='ocrx_word' id='word_1_189' title='bbox 738 1313 806 1355; x_wconf 83' lang='lat' dir='ltr'><em>&lt;IV</em></span> <span class='ocrx_word' id='word_1_190' title='bbox 830 1315 894 1356; x_wconf 86' lang='lat'><em>88&gt;</em></span> <span class='ocrx_word' id='word_1_191' title='bbox 918 1315 1122 1360; x_wconf 81' lang='lat' dir='ltr'><em>minaeque</em></span> <span class='ocrx_word' id='word_1_192' title='bbox 1150 1326 1360 1346; x_wconf 87' lang='lat' dir='ltr'><em>murorum:</em></span> <span class='ocrx_word' id='word_1_193' title='bbox 1389 1316 1446 1346; x_wconf 83' lang='lat' dir='ltr'><em>aut</em></span> 
     </span>
     <span class='ocr_line' id='line_1_23' title="bbox 160 1368 356 1402; baseline -0.005 0"><span class='ocrx_word' id='word_1_194' title='bbox 160 1368 356 1402; x_wconf 55' lang='lat' dir='ltr'><em>‘moveturt</em></span> 
     </span>
    </p>

    <p class='ocr_par' dir='ltr' id='par_1_10' title="bbox 159 1421 1445 1517">
     <span class='ocr_line' id='line_1_24' title="bbox 250 1421 1445 1463; baseline 0 -9"><span class='ocrx_word' id='word_1_195' title='bbox 250 1422 324 1454; x_wconf 84' lang='lat'>629.</span> <span class='ocrx_word' id='word_1_196' title='bbox 361 1430 593 1454; x_wconf 74' lang='lat' dir='ltr'>TREMEFACTA</span> <span class='ocrx_word' id='word_1_197' title='bbox 625 1430 748 1454; x_wconf 82' lang='lat' dir='ltr'>COMAM</span> <span class='ocrx_word' id='word_1_198' title='bbox 782 1421 881 1453; x_wconf 84' lang='lat' dir='ltr'><em>solita</em></span> <span class='ocrx_word' id='word_1_199' title='bbox 913 1421 1027 1463; x_wconf 86' lang='lat' dir='ltr'><em>figura.</em></span> <span class='ocrx_word' id='word_1_200' title='bbox 1074 1421 1223 1454; x_wconf 78' lang='lat' dir='ltr'><em>‘comam&#39;</em></span> <span class='ocrx_word' id='word_1_201' title='bbox 1256 1424 1359 1454; x_wconf 87' lang='lat' dir='ltr'><em>autem</em></span> <span class='ocrx_word' id='word_1_202' title='bbox 1385 1432 1445 1462; x_wconf 76' lang='lat' dir='ltr'><em>pro</em></span> 
     </span>
     <span class='ocr_line' id='line_1_25' title="bbox 159 1475 1062 1517; baseline -0.002 -9"><span class='ocrx_word' id='word_1_203' title='bbox 159 1477 271 1517; x_wconf 83' lang='lat' dir='ltr'><em>ramis,</em></span> <span class='ocrx_word' id='word_1_204' title='bbox 289 1486 348 1516; x_wconf 78' lang='lat' dir='ltr'><em>per</em></span> <span class='ocrx_word' id='word_1_205' title='bbox 370 1475 460 1507; x_wconf 83' lang='lat' dir='ltr'><em>illam</em></span> <span class='ocrx_word' id='word_1_206' title='bbox 483 1475 693 1516; x_wconf 77' lang='lat' dir='ltr'><em>metaphoram</em></span> <span class='ocrx_word' id='word_1_207' title='bbox 717 1475 918 1506; x_wconf 84' lang='lat' dir='ltr'><em>tondentur</em></span> <span class='ocrx_word' id='word_1_208' title='bbox 941 1475 1062 1516; x_wconf 74' lang='lat' dir='ltr'><em>cytisi.</em></span> 
     </span>
    </p>

    <p class='ocr_par' dir='ltr' id='par_1_11' title="bbox 160 1528 1497 1615">
     <span class='ocr_line' id='line_1_26' title="bbox 250 1528 1497 1569; baseline -0.001 -8"><span class='ocrx_word' id='word_1_209' title='bbox 250 1529 324 1561; x_wconf 85' lang='lat'><strong>630.</strong></span> <span class='ocrx_word' id='word_1_210' title='bbox 367 1541 551 1561; x_wconf 68' lang='lat' dir='ltr'><em>vnzvffltmvs</em></span> <span class='ocrx_word' id='word_1_211' title='bbox 571 1538 632 1569; x_wconf 76' lang='lat' dir='ltr'><em>pro</em></span> <span class='ocrx_word' id='word_1_212' title='bbox 660 1528 778 1559; x_wconf 83' lang='lat' dir='ltr'><em>ictibus.</em></span> <span class='ocrx_word' id='word_1_213' title='bbox 869 1540 952 1560; x_wconf 69' lang='lat' dir='ltr'><em>[vols</em></span> <span class='ocrx_word' id='word_1_214' title='bbox 978 1528 1187 1560; x_wconf 82' lang='lat' dir='ltr'><em>cacuminibus</em></span> <span class='ocrx_word' id='word_1_215' title='bbox 1210 1529 1369 1561; x_wconf 88' lang='lat' dir='ltr'><em>montium.</em></span> <span class='ocrx_word' id='word_1_216' title='bbox 1464 1534 1497 1558; x_wconf 82' lang='grc'><em>25</em></span> 
     </span>
     <span class='ocr_line' id='line_1_27' title="bbox 160 1581 778 1615; baseline -0.005 0"><span class='ocrx_word' id='word_1_217' title='bbox 160 1591 297 1615; x_wconf 78' lang='lat' dir='ltr'>RVINAM</span> <span class='ocrx_word' id='word_1_218' title='bbox 321 1581 458 1613; x_wconf 82' lang='lat' dir='ltr'><em>aliarum</em></span> <span class='ocrx_word' id='word_1_219' title='bbox 481 1581 594 1613; x_wconf 79' lang='lat' dir='ltr'><em>scilicet</em></span> <span class='ocrx_word' id='word_1_220' title='bbox 616 1581 778 1613; x_wconf 88' lang='lat' dir='ltr'><em>arborum.</em></span> 
     </span>
    </p>

    <p class='ocr_par' dir='ltr' id='par_1_12' title="bbox 250 1624 1444 1677">
     <span class='ocr_line' id='line_1_28' title="bbox 250 1624 1444 1677; baseline -0.001 -9"><span class='ocrx_word' id='word_1_221' title='bbox 250 1636 324 1668; x_wconf 83' lang='lat'><strong>632.</strong></span> <span class='ocrx_word' id='word_1_222' title='bbox 361 1644 405 1667; x_wconf 82' lang='lat' dir='ltr'><em>Ac</em></span> <span class='ocrx_word' id='word_1_223' title='bbox 435 1643 601 1667; x_wconf 77' lang='lat' dir='ltr'>DVCENTE</span> <span class='ocrx_word' id='word_1_224' title='bbox 632 1624 910 1666; x_wconf 40' lang='lat' dir='ltr'><em>DEo&#39;seeundum</em></span> <span class='ocrx_word' id='word_1_225' title='bbox 941 1645 995 1666; x_wconf 84' lang='lat' dir='ltr'><em>eos</em></span> <span class='ocrx_word' id='word_1_226' title='bbox 1029 1634 1083 1676; x_wconf 81' lang='lat' dir='ltr'><em>qui</em></span> <span class='ocrx_word' id='word_1_227' title='bbox 1116 1635 1243 1676; x_wconf 76' lang='lat' dir='ltr'><em>dicunt,</em></span> <span class='ocrx_word' id='word_1_228' title='bbox 1275 1635 1444 1677; x_wconf 82' lang='lat' dir='ltr'><em>utriusque</em></span> 
     </span>
    </p>
   </div>
   <div class='ocr_carea' id='block_1_3' title="bbox 162 1710 339 1713">
    <p class='ocr_par' dir='ltr' id='par_1_13' title="bbox 162 1710 339 1713">
     <span class='ocr_line' id='line_1_29' title="bbox 162 1710 339 1713; baseline 0 0"><span class='ocrx_word' id='word_1_229' title='bbox 162 1710 339 1713; x_wconf 95' lang='lat' dir='ltr'><em> </em></span> 
     </span>
    </p>
   </div>
   <div class='ocr_carea' id='block_1_4' title="bbox 161 1748 1442 1821">
    <p class='ocr_par' dir='ltr' id='par_1_14' title="bbox 161 1748 1442 1821">
     <span class='ocr_line' id='line_1_30' title="bbox 231 1748 1442 1785; baseline -0.002 -7"><span class='ocrx_word' id='word_1_230' title='bbox 231 1754 267 1778; x_wconf 85' lang='grc'><em>24</em></span> <span class='ocrx_word' id='word_1_231' title='bbox 288 1749 453 1785; x_wconf 76' lang='lat' dir='ltr'><em>tondentur]</em></span> <span class='ocrx_word' id='word_1_232' title='bbox 482 1757 577 1784; x_wconf 84' lang='lat' dir='ltr'><em>georg.</em></span> <span class='ocrx_word' id='word_1_233' title='bbox 600 1749 627 1775; x_wconf 94' lang='lat' dir='ltr'><em>II</em></span> <span class='ocrx_word' id='word_1_234' title='bbox 651 1751 702 1775; x_wconf 82' lang='lat'><em>431</em></span> <span class='ocrx_word' id='word_1_235' title='bbox 723 1749 733 1783; x_wconf 78' lang='lat' dir='ltr'>ss</span> <span class='ocrx_word' id='word_1_236' title='bbox 753 1751 787 1775; x_wconf 78' lang='lat'><em>27</em></span> <span class='ocrx_word' id='word_1_237' title='bbox 812 1748 964 1775; x_wconf 84' lang='lat' dir='ltr'><em>secundum</em></span> <span class='ocrx_word' id='word_1_238' title='bbox 991 1757 1040 1775; x_wconf 85' lang='lat' dir='ltr'><em>eos</em></span> <span class='ocrx_word' id='word_1_239' title='bbox 1066 1768 1072 1775; x_wconf 89' lang='lat'>.</span> <span class='ocrx_word' id='word_1_240' title='bbox 1093 1770 1098 1775; x_wconf 93' lang='lat'>.</span> <span class='ocrx_word' id='word_1_241' title='bbox 1119 1770 1126 1775; x_wconf 88' lang='lat'><em>.</em></span> <span class='ocrx_word' id='word_1_242' title='bbox 1154 1749 1289 1776; x_wconf 80' lang='lat' dir='ltr'><em>barbatae</em></span> <span class='ocrx_word' id='word_1_243' title='bbox 1313 1749 1442 1784; x_wconf 88' lang='lat' dir='ltr'><em>Veneris]</em></span> 
     </span>
     <span class='ocr_line' id='line_1_31' title="bbox 161 1784 1068 1821; baseline -0.004 -7"><span class='ocrx_word' id='word_1_244' title='bbox 161 1795 249 1814; x_wconf 83' lang='lat' dir='ltr'><em>exscr.</em></span> <span class='ocrx_word' id='word_1_245' title='bbox 268 1786 409 1821; x_wconf 79' lang='lat' dir='ltr'><em>mythogr.</em></span> <span class='ocrx_word' id='word_1_246' title='bbox 430 1785 468 1812; x_wconf 89' lang='grc' dir='ltr'><em>ΠΙ</em></span> <span class='ocrx_word' id='word_1_247' title='bbox 488 1788 531 1818; x_wconf 90' lang='grc'><em>11,</em></span> <span class='ocrx_word' id='word_1_248' title='bbox 551 1787 575 1811; x_wconf 87' lang='lat'><em>5.</em></span> <span class='ocrx_word' id='word_1_249' title='bbox 605 1785 638 1811; x_wconf 88' lang='lat' dir='ltr'><em>cf.</em></span> <span class='ocrx_word' id='word_1_250' title='bbox 658 1785 781 1811; x_wconf 79' lang='lat' dir='ltr'><em>Macrob.</em></span> <span class='ocrx_word' id='word_1_251' title='bbox 802 1784 859 1811; x_wconf 77' lang='lat' dir='ltr'><em>Sat.</em></span> <span class='ocrx_word' id='word_1_252' title='bbox 879 1784 919 1810; x_wconf 93' lang='lat' dir='ltr'><em>III</em></span> <span class='ocrx_word' id='word_1_253' title='bbox 938 1787 963 1818; x_wconf 85' lang='lat'><em>8,</em></span> <span class='ocrx_word' id='word_1_254' title='bbox 985 1787 998 1810; x_wconf 92' lang='lat'><strong>1</strong></span> <span class='ocrx_word' id='word_1_255' title='bbox 1010 1793 1068 1818; x_wconf 87' lang='lat' dir='ltr'><em>sqq.</em></span> 
     </span>
    </p>
   </div>
   <div class='ocr_carea' id='block_1_5' title="bbox 161 1861 324 1865">
    <p class='ocr_par' dir='ltr' id='par_1_15' title="bbox 161 1861 324 1865">
     <span class='ocr_line' id='line_1_32' title="bbox 161 1861 324 1865; baseline 0 0"><span class='ocrx_word' id='word_1_256' title='bbox 161 1861 324 1865; x_wconf 95' lang='lat' dir='ltr'><em> </em></span> 
     </span>
    </p>
   </div>
   <div class='ocr_carea' id='block_1_6' title="bbox 234 1883 1444 1944">
    <p class='ocr_par' dir='ltr' id='par_1_16' title="bbox 234 1883 1444 1944">
     <span class='ocr_line' id='line_1_33' title="bbox 1092 1883 1170 1901; baseline 0 -14"><span class='ocrx_word' id='word_1_257' title='bbox 1092 1883 1107 1901; x_wconf 71' lang='lat'><strong>†</strong></span> <span class='ocrx_word' id='word_1_258' title='bbox 1166 1883 1170 1887; x_wconf 94' lang='lat'>.</span> 
     </span>
     <span class='ocr_line' id='line_1_34' title="bbox 234 1885 1444 1944; baseline -0.003 -6"><span class='ocrx_word' id='word_1_259' title='bbox 234 1915 247 1938; x_wconf 91' lang='lat'>1</span> <span class='ocrx_word' id='word_1_260' title='bbox 266 1909 479 1938; x_wconf 80' lang='lat' dir='ltr'><em>interuenientis</em></span> <span class='ocrx_word' id='word_1_261' title='bbox 497 1909 566 1936; x_wconf 85' lang='lat' dir='ltr'><em>LM</em></span> <span class='ocrx_word' id='word_1_262' title='bbox 584 1908 812 1943; x_wconf 69' lang='lat' dir='ltr'><em>(inter-uenientes</em></span> <span class='ocrx_word' id='word_1_263' title='bbox 827 1909 847 1942; x_wconf 81' lang='lat' dir='ltr'><em>l)</em></span> <span class='ocrx_word' id='word_1_264' title='bbox 861 1909 871 1942; x_wconf 74' lang='lat' dir='ltr'>ss</span> <span class='ocrx_word' id='word_1_265' title='bbox 884 1909 1071 1944; x_wconf 81' lang='lat' dir='ltr'><em>anaereticos]</em></span> <span class='ocrx_word' id='word_1_266' title='bbox 1090 1885 1399 1935; x_wconf 47' lang='lat' dir='ltr'><em>no&#39;ffffiffzzlxeheretieos</em></span> <span class='ocrx_word' id='word_1_267' title='bbox 1419 1908 1444 1934; x_wconf 89' lang='lat' dir='ltr'><em>L</em></span> 
     </span>
    </p>
   </div>
   <div class='ocr_carea' id='block_1_7' title="bbox 1095 1947 1184 1951">
    <p class='ocr_par' dir='ltr' id='par_1_17' title="bbox 1095 1947 1184 1951">
     <span class='ocr_line' id='line_1_35' title="bbox 1095 1947 1184 1951; baseline 0 0"><span class='ocrx_word' id='word_1_268' title='bbox 1095 1947 1184 1951; x_wconf 95' lang='lat' dir='ltr'><em> </em></span> 
     </span>
    </p>
   </div>
   <div class='ocr_carea' id='block_1_8' title="bbox 160 1962 1445 2247">
    <p class='ocr_par' dir='ltr' id='par_1_18' title="bbox 160 1962 1445 2247">
     <span class='ocr_line' id='line_1_36' title="bbox 160 1962 1443 1998; baseline -0.003 -6"><span class='ocrx_word' id='word_1_269' title='bbox 160 1964 316 1992; x_wconf 80' lang='lat' dir='ltr'><em>anareticos</em></span> <span class='ocrx_word' id='word_1_270' title='bbox 336 1964 370 1990; x_wconf 88' lang='grc' dir='ltr'><strong>Η</strong></span> <span class='ocrx_word' id='word_1_271' title='bbox 389 1965 399 1998; x_wconf 84' lang='grc' dir='ltr'><em>ΙΙ</em></span> <span class='ocrx_word' id='word_1_272' title='bbox 425 1963 597 1998; x_wconf 74' lang='lat' dir='ltr'><em>temperant]</em></span> <span class='ocrx_word' id='word_1_273' title='bbox 623 1962 653 1988; x_wconf 85' lang='lat' dir='ltr'><em>id</em></span> <span class='ocrx_word' id='word_1_274' title='bbox 677 1963 720 1989; x_wconf 84' lang='lat' dir='ltr'><em>est</em></span> <span class='ocrx_word' id='word_1_275' title='bbox 742 1963 860 1988; x_wconf 83' lang='lat' dir='ltr'><em>martem</em></span> <span class='ocrx_word' id='word_1_276' title='bbox 880 1963 908 1988; x_wconf 85' lang='lat' dir='ltr'><em>et</em></span> <span class='ocrx_word' id='word_1_277' title='bbox 931 1962 1075 1989; x_wconf 76' lang='lat' dir='ltr'><em>saturnum</em></span> <span class='ocrx_word' id='word_1_278' title='bbox 1099 1962 1139 1996; x_wconf 87' lang='lat' dir='ltr'><em>(id</em></span> <span class='ocrx_word' id='word_1_279' title='bbox 1157 1962 1200 1989; x_wconf 82' lang='lat' dir='ltr'><em>est</em></span> <span class='ocrx_word' id='word_1_280' title='bbox 1218 1983 1224 1989; x_wconf 89' lang='lat'>.</span> <span class='ocrx_word' id='word_1_281' title='bbox 1246 1982 1252 1988; x_wconf 96' lang='lat'>.</span> <span class='ocrx_word' id='word_1_282' title='bbox 1272 1983 1278 1989; x_wconf 83' lang='lat'>.</span> <span class='ocrx_word' id='word_1_283' title='bbox 1299 1963 1443 1989; x_wconf 74' lang='lat' dir='ltr'><em>saturnum</em></span> 
     </span>
     <span class='ocr_line' id='line_1_37' title="bbox 1013 2007 1179 2026; baseline 0 0"><span class='ocrx_word' id='word_1_284' title='bbox 1013 2007 1123 2026; x_wconf 73' lang='lat' dir='ltr'><em>interrum</em></span> <span class='ocrx_word' id='word_1_285' title='bbox 1141 2009 1179 2026; x_wconf 69' lang='lat' dir='ltr'><em>ant</em></span> 
     </span>
     <span class='ocr_line' id='line_1_38' title="bbox 160 2013 1445 2068; baseline -0.002 -6"><span class='ocrx_word' id='word_1_286' title='bbox 160 2044 210 2063; x_wconf 87' lang='lat' dir='ltr'><em>om.</em></span> <span class='ocrx_word' id='word_1_287' title='bbox 226 2035 266 2068; x_wconf 84' lang='lat' dir='ltr'><em>E)</em></span> <span class='ocrx_word' id='word_1_288' title='bbox 285 2043 319 2061; x_wconf 85' lang='lat' dir='ltr'><em>ne</em></span> <span class='ocrx_word' id='word_1_289' title='bbox 338 2043 443 2061; x_wconf 83' lang='lat' dir='ltr'><em>aeneae</em></span> <span class='ocrx_word' id='word_1_290' title='bbox 461 2033 632 2061; x_wconf 70' lang='lat' dir='ltr'><em>intercidant</em></span> <span class='ocrx_word' id='word_1_291' title='bbox 650 2033 680 2060; x_wconf 85' lang='lat' dir='ltr'><em>id</em></span> <span class='ocrx_word' id='word_1_292' title='bbox 698 2034 741 2060; x_wconf 87' lang='lat' dir='ltr'><em>est</em></span> <span class='ocrx_word' id='word_1_293' title='bbox 758 2033 964 2067; x_wconf 81' lang='lat' dir='ltr'><em>interrumpant</em></span> <span class='ocrx_word' id='word_1_294' title='bbox 982 2013 1165 2067; x_wconf 61' lang='lat' dir='ltr'><em>(intercidapnt</em></span> <span class='ocrx_word' id='word_1_295' title='bbox 1179 2033 1198 2067; x_wconf 87' lang='lat' dir='ltr'><em>l)</em></span> <span class='ocrx_word' id='word_1_296' title='bbox 1217 2032 1292 2059; x_wconf 83' lang='lat' dir='ltr'><em>uitae</em></span> <span class='ocrx_word' id='word_1_297' title='bbox 1307 2031 1445 2059; x_wconf 84' lang='lat' dir='ltr'><em>rationem</em></span> 
     </span>
     <span class='ocr_line' id='line_1_39' title="bbox 162 2068 1445 2104; baseline -0.003 -6"><span class='ocrx_word' id='word_1_298' title='bbox 162 2070 298 2098; x_wconf 81' lang='lat' dir='ltr'><em>aneretiei</em></span> <span class='ocrx_word' id='word_1_299' title='bbox 317 2070 392 2097; x_wconf 89' lang='lat' dir='ltr'><em>enim</em></span> <span class='ocrx_word' id='word_1_300' title='bbox 411 2071 488 2104; x_wconf 89' lang='lat' dir='ltr'><em>(uero</em></span> <span class='ocrx_word' id='word_1_301' title='bbox 503 2070 523 2103; x_wconf 83' lang='grc' dir='ltr'><em>Ζ)</em></span> <span class='ocrx_word' id='word_1_302' title='bbox 543 2070 608 2096; x_wconf 82' lang='lat' dir='ltr'><em>sunt</em></span> <span class='ocrx_word' id='word_1_303' title='bbox 627 2077 700 2095; x_wconf 87' lang='lat' dir='ltr'><em>mars</em></span> <span class='ocrx_word' id='word_1_304' title='bbox 720 2070 749 2095; x_wconf 82' lang='lat' dir='ltr'><em>et</em></span> <span class='ocrx_word' id='word_1_305' title='bbox 768 2070 896 2096; x_wconf 83' lang='lat' dir='ltr'><em>saturnus</em></span> <span class='ocrx_word' id='word_1_306' title='bbox 912 2069 960 2102; x_wconf 87' lang='lat' dir='ltr'><em>qui</em></span> <span class='ocrx_word' id='word_1_307' title='bbox 978 2068 1150 2095; x_wconf 71' lang='lat' dir='ltr'><em>interoidmt</em></span> <span class='ocrx_word' id='word_1_308' title='bbox 1167 2069 1244 2095; x_wconf 76' lang='lat' dir='ltr'><em>uitae</em></span> <span class='ocrx_word' id='word_1_309' title='bbox 1263 2068 1402 2095; x_wconf 85' lang='lat' dir='ltr'><em>rationem</em></span> <span class='ocrx_word' id='word_1_310' title='bbox 1421 2068 1445 2094; x_wconf 86' lang='lat' dir='ltr'><em>si</em></span> 
     </span>
     <span class='ocr_line' id='line_1_40' title="bbox 161 2103 1444 2139; baseline -0.002 -6"><span class='ocrx_word' id='word_1_311' title='bbox 161 2106 246 2133; x_wconf 65' lang='lat' dir='ltr'><em>radiis</em></span> <span class='ocrx_word' id='word_1_312' title='bbox 266 2106 322 2133; x_wconf 78' lang='lat' dir='ltr'><em>suis</em></span> <span class='ocrx_word' id='word_1_313' title='bbox 342 2107 434 2133; x_wconf 85' lang='lat' dir='ltr'><em>ortum</em></span> <span class='ocrx_word' id='word_1_314' title='bbox 453 2105 598 2139; x_wconf 81' lang='lat' dir='ltr'><em>geniturae</em></span> <span class='ocrx_word' id='word_1_315' title='bbox 616 2105 792 2139; x_wconf 77' lang='lat' dir='ltr'><em>pulsauerint</em></span> <span class='ocrx_word' id='word_1_316' title='bbox 810 2105 873 2131; x_wconf 82' lang='lat' dir='ltr'><em>add.</em></span> <span class='ocrx_word' id='word_1_317' title='bbox 894 2104 937 2131; x_wconf 79' lang='lat' dir='ltr'><em>El</em></span> <span class='ocrx_word' id='word_1_318' title='bbox 955 2105 965 2138; x_wconf 78' lang='grc' dir='ltr'><em>ΙΙ</em></span> <span class='ocrx_word' id='word_1_319' title='bbox 985 2107 999 2130; x_wconf 84' lang='lat'><strong>7</strong></span> <span class='ocrx_word' id='word_1_320' title='bbox 1020 2114 1086 2131; x_wconf 68' lang='lat' dir='ltr'><em>rvsc</em></span> <span class='ocrx_word' id='word_1_321' title='bbox 1106 2105 1175 2130; x_wconf 85' lang='lat' dir='ltr'><em>LM</em></span> <span class='ocrx_word' id='word_1_322' title='bbox 1191 2105 1201 2138; x_wconf 82' lang='grc' dir='ltr'><em>ΙΙ</em></span> <span class='ocrx_word' id='word_1_323' title='bbox 1223 2107 1238 2130; x_wconf 84' lang='grc'><strong>9</strong></span> <span class='ocrx_word' id='word_1_324' title='bbox 1258 2103 1297 2130; x_wconf 92' lang='lat' dir='ltr'><em>dii</em></span> <span class='ocrx_word' id='word_1_325' title='bbox 1316 2103 1381 2138; x_wconf 81' lang='lat' dir='ltr'><em>visi]</em></span> <span class='ocrx_word' id='word_1_326' title='bbox 1403 2103 1444 2129; x_wconf 86' lang='lat' dir='ltr'><em>di-</em></span> 
     </span>
     <span class='ocr_line' id='line_1_41' title="bbox 161 2139 1444 2176; baseline -0.002 -7"><span class='ocrx_word' id='word_1_327' title='bbox 161 2142 215 2168; x_wconf 78' lang='lat' dir='ltr'><em>uisi</em></span> <span class='ocrx_word' id='word_1_328' title='bbox 235 2141 258 2169; x_wconf 83' lang='lat'><em>0</em></span> <span class='ocrx_word' id='word_1_329' title='bbox 268 2142 278 2176; x_wconf 74' lang='grc'><em>11</em></span> <span class='ocrx_word' id='word_1_330' title='bbox 298 2144 331 2168; x_wconf 84' lang='grc'><em>14</em></span> <span class='ocrx_word' id='word_1_331' title='bbox 349 2151 368 2176; x_wconf 89' lang='lat' dir='ltr'>p</span> <span class='ocrx_word' id='word_1_332' title='bbox 384 2163 389 2168; x_wconf 95' lang='lat'>.</span> <span class='ocrx_word' id='word_1_333' title='bbox 406 2163 412 2168; x_wconf 83' lang='lat'>.</span> <span class='ocrx_word' id='word_1_334' title='bbox 428 2163 434 2168; x_wconf 92' lang='lat'><strong>.</strong></span> <span class='ocrx_word' id='word_1_335' title='bbox 451 2141 469 2176; x_wconf 95' lang='lat'><em>.]</em></span> <span class='ocrx_word' id='word_1_336' title='bbox 489 2142 552 2174; x_wconf 76' lang='lat' dir='ltr'><em>fort.</em></span> <span class='ocrx_word' id='word_1_337' title='bbox 573 2140 660 2167; x_wconf 83' lang='lat' dir='ltr'><em>Melia</em></span> <span class='ocrx_word' id='word_1_338' title='bbox 673 2141 682 2175; x_wconf 81' lang='grc' dir='ltr'><em>ΙΙ</em></span> <span class='ocrx_word' id='word_1_339' title='bbox 696 2140 752 2175; x_wconf 89' lang='lat' dir='ltr'><em>Ilii]</em></span> <span class='ocrx_word' id='word_1_340' title='bbox 772 2140 835 2173; x_wconf 83' lang='lat' dir='ltr'><em>fort.</em></span> <span class='ocrx_word' id='word_1_341' title='bbox 856 2140 928 2166; x_wconf 80' lang='lat' dir='ltr'><em>Iovis</em></span> <span class='ocrx_word' id='word_1_342' title='bbox 942 2140 952 2174; x_wconf 74' lang='grc' dir='ltr'><em>ΙΙ</em></span> <span class='ocrx_word' id='word_1_343' title='bbox 968 2142 1000 2166; x_wconf 82' lang='lat'><em>15</em></span> <span class='ocrx_word' id='word_1_344' title='bbox 1019 2139 1084 2166; x_wconf 86' lang='lat' dir='ltr'><em>veni</em></span> <span class='ocrx_word' id='word_1_345' title='bbox 1102 2140 1161 2167; x_wconf 84' lang='lat' dir='ltr'><em>secl.</em></span> <span class='ocrx_word' id='word_1_346' title='bbox 1177 2139 1213 2166; x_wconf 89' lang='lat' dir='ltr'><em>F.</em></span> <span class='ocrx_word' id='word_1_347' title='bbox 1229 2139 1378 2166; x_wconf 80' lang='lat' dir='ltr'><em>Schoellius</em></span> <span class='ocrx_word' id='word_1_348' title='bbox 1396 2147 1444 2166; x_wconf 88' lang='lat' dir='ltr'><em>ve-</em></span> 
     </span>
     <span class='ocr_line' id='line_1_42' title="bbox 160 2175 1444 2237; baseline -0.002 -33"><span class='ocrx_word' id='word_1_349' title='bbox 160 2177 284 2204; x_wconf 73' lang='lat' dir='ltr'><em>nientem</em></span> <span class='ocrx_word' id='word_1_350' title='bbox 297 2177 481 2204; x_wconf 80' lang='lat' dir='ltr'><em>Burmannus</em></span> <span class='ocrx_word' id='word_1_351' title='bbox 494 2178 504 2211; x_wconf 77' lang='grc' dir='ltr'><em>ΙΙ</em></span> <span class='ocrx_word' id='word_1_352' title='bbox 518 2180 551 2203; x_wconf 84' lang='grc'><strong>16</strong></span> <span class='ocrx_word' id='word_1_353' title='bbox 571 2177 607 2203; x_wconf 83' lang='lat' dir='ltr'><em>ad</em></span> <span class='ocrx_word' id='word_1_354' title='bbox 627 2175 723 2237; x_wconf 56' lang='lat' dir='ltr'><em>lutzhi]5</em></span> <span class='ocrx_word' id='word_1_355' title='bbox 736 2184 799 2202; x_wconf 89' lang='lat' dir='ltr'><em>cum</em></span> <span class='ocrx_word' id='word_1_356' title='bbox 814 2176 890 2202; x_wconf 80' lang='lat' dir='ltr'><em>luctu</em></span> <span class='ocrx_word' id='word_1_357' title='bbox 911 2176 1067 2202; x_wconf 78' lang='lat' dir='ltr'><em>Masvicius</em></span> <span class='ocrx_word' id='word_1_358' title='bbox 1080 2176 1089 2210; x_wconf 79' lang='grc' dir='ltr'><em>ΙΙ</em></span> <span class='ocrx_word' id='word_1_359' title='bbox 1105 2178 1136 2202; x_wconf 87' lang='grc'><em>18</em></span> <span class='ocrx_word' id='word_1_360' title='bbox 1153 2176 1190 2202; x_wconf 83' lang='lat' dir='ltr'><em>ad</em></span> <span class='ocrx_word' id='word_1_361' title='bbox 1203 2184 1227 2202; x_wconf 76' lang='lat' dir='ltr'><em>v.</em></span> <span class='ocrx_word' id='word_1_362' title='bbox 1241 2178 1292 2202; x_wconf 84' lang='grc'><em>627</em></span> <span class='ocrx_word' id='word_1_363' title='bbox 1312 2175 1397 2201; x_wconf 84' lang='lat' dir='ltr'><em>Ferro</em></span> <span class='ocrx_word' id='word_1_364' title='bbox 1416 2176 1444 2201; x_wconf 80' lang='lat' dir='ltr'><em>et</em></span> 
     </span>
     <span class='ocr_line' id='line_1_43' title="bbox 161 2209 1445 2247; baseline -0.002 -8"><span class='ocrx_word' id='word_1_365' title='bbox 161 2212 341 2247; x_wconf 79' lang='lat' dir='ltr'><em>bipennibus]</em></span> <span class='ocrx_word' id='word_1_366' title='bbox 363 2213 508 2246; x_wconf 83' lang='lat' dir='ltr'><em>endiadyn.</em></span> <span class='ocrx_word' id='word_1_367' title='bbox 527 2212 555 2238; x_wconf 93' lang='lat' dir='ltr'><em>P</em></span> <span class='ocrx_word' id='word_1_368' title='bbox 567 2212 576 2246; x_wconf 86' lang='grc' dir='ltr'><em>ΙΙ</em></span> <span class='ocrx_word' id='word_1_369' title='bbox 593 2210 627 2238; x_wconf 58' lang='lat' dir='ltr'><em>‘iv</em></span> <span class='ocrx_word' id='word_1_370' title='bbox 642 2209 694 2238; x_wconf 76' lang='grc' dir='ltr'><em>διὰ</em></span> <span class='ocrx_word' id='word_1_371' title='bbox 724 2214 788 2237; x_wconf 84' lang='grc' dir='ltr'><em>υοῖν</em></span> <span class='ocrx_word' id='word_1_372' title='bbox 802 2211 847 2237; x_wconf 87' lang='lat' dir='ltr'><em>vel</em></span> <span class='ocrx_word' id='word_1_373' title='bbox 861 2212 1027 2245; x_wconf 74' lang='grc' dir='ltr'><strong><em>ταυτολογία</em></strong></span> <span class='ocrx_word' id='word_1_374' title='bbox 1045 2211 1127 2245; x_wconf 76' lang='lat' dir='ltr'><em>vulyo</em></span> <span class='ocrx_word' id='word_1_375' title='bbox 1140 2212 1150 2245; x_wconf 82' lang='grc' dir='ltr'><em>ΙΙ</em></span> <span class='ocrx_word' id='word_1_376' title='bbox 1169 2214 1201 2237; x_wconf 86' lang='grc'><em>19</em></span> <span class='ocrx_word' id='word_1_377' title='bbox 1222 2210 1276 2245; x_wconf 84' lang='lat' dir='ltr'><em>est]</em></span> <span class='ocrx_word' id='word_1_378' title='bbox 1295 2210 1359 2237; x_wconf 86' lang='lat' dir='ltr'><em>ideo</em></span> <span class='ocrx_word' id='word_1_379' title='bbox 1378 2210 1445 2244; x_wconf 79' lang='lat' dir='ltr'><em>quia¹</em></span> 
     </span>
    </p>
   </div>
   <div class='ocr_carea' id='block_1_9' title="bbox 109 2246 1445 2281">
    <p class='ocr_par' dir='ltr' id='par_1_19' title="bbox 109 2246 1445 2281">
     <span class='ocr_line' id='line_1_44' title="bbox 109 2246 1445 2281; baseline -0.003 -6"><span class='ocrx_word' id='word_1_380' title='bbox 109 2247 114 2252; x_wconf 59' lang='lat'><strong>⁴</strong></span> <span class='ocrx_word' id='word_1_381' title='bbox 164 2248 283 2275; x_wconf 83' lang='lat' dir='ltr'><em>‘crebris</em></span> <span class='ocrx_word' id='word_1_382' title='bbox 302 2248 483 2281; x_wconf 72' lang='lat' dir='ltr'><em>blpennibus&#39;</em></span> <span class='ocrx_word' id='word_1_383' title='bbox 510 2249 554 2274; x_wconf 81' lang='lat' dir='ltr'><em>est</em></span> <span class='ocrx_word' id='word_1_384' title='bbox 577 2248 640 2274; x_wconf 83' lang='lat' dir='ltr'><em>add.</em></span> <span class='ocrx_word' id='word_1_385' title='bbox 660 2247 690 2273; x_wconf 89' lang='lat' dir='ltr'><em>D</em></span> <span class='ocrx_word' id='word_1_386' title='bbox 707 2247 717 2281; x_wconf 81' lang='lat' dir='ltr'>ss</span> <span class='ocrx_word' id='word_1_387' title='bbox 741 2250 774 2273; x_wconf 90' lang='grc'><em>20</em></span> <span class='ocrx_word' id='word_1_388' title='bbox 794 2247 830 2273; x_wconf 82' lang='lat' dir='ltr'><em>ad</em></span> <span class='ocrx_word' id='word_1_389' title='bbox 848 2255 871 2274; x_wconf 86' lang='lat' dir='ltr'><em>v.</em></span> <span class='ocrx_word' id='word_1_390' title='bbox 892 2249 943 2273; x_wconf 84' lang='grc'><em>628</em></span> <span class='ocrx_word' id='word_1_391' title='bbox 963 2246 1077 2281; x_wconf 86' lang='lat' dir='ltr'><em>Eruere]</em></span> <span class='ocrx_word' id='word_1_392' title='bbox 1102 2255 1153 2280; x_wconf 87' lang='lat' dir='ltr'><em>pro</em></span> <span class='ocrx_word' id='word_1_393' title='bbox 1176 2246 1296 2273; x_wconf 85' lang='lat' dir='ltr'><em>deiicere</em></span> <span class='ocrx_word' id='word_1_394' title='bbox 1316 2267 1321 2272; x_wconf 91' lang='lat'>.</span> <span class='ocrx_word' id='word_1_395' title='bbox 1342 2266 1349 2272; x_wconf 86' lang='lat'><strong>.</strong></span> <span class='ocrx_word' id='word_1_396' title='bbox 1370 2267 1374 2272; x_wconf 95' lang='lat'>.</span> <span class='ocrx_word' id='word_1_397' title='bbox 1395 2247 1445 2271; x_wconf 83' lang='lat' dir='ltr'><em>aut</em></span> 
     </span>
    </p>
   </div>
   <div class='ocr_carea' id='block_1_10' title="bbox 162 2281 1444 2424">
    <p class='ocr_par' dir='ltr' id='par_1_20' title="bbox 162 2281 1444 2424">
     <span class='ocr_line' id='line_1_45' title="bbox 162 2281 1444 2317; baseline -0.002 -7"><span class='ocrx_word' id='word_1_398' title='bbox 162 2285 298 2310; x_wconf 82' lang='lat' dir='ltr'><em>mouetur.</em></span> <span class='ocrx_word' id='word_1_399' title='bbox 321 2283 348 2309; x_wconf 90' lang='lat' dir='ltr'><strong><em>P</em></strong></span> <span class='ocrx_word' id='word_1_400' title='bbox 360 2285 369 2317; x_wconf 92' lang='grc' dir='ltr'><em>ΙΙ</em></span> <span class='ocrx_word' id='word_1_401' title='bbox 382 2287 416 2310; x_wconf 90' lang='grc'><em>21</em></span> <span class='ocrx_word' id='word_1_402' title='bbox 437 2285 531 2310; x_wconf 81' lang='lat' dir='ltr'><em>autem</em></span> <span class='ocrx_word' id='word_1_403' title='bbox 551 2283 655 2310; x_wconf 81' lang='lat' dir='ltr'><em>eminet</em></span> <span class='ocrx_word' id='word_1_404' title='bbox 673 2283 737 2308; x_wconf 90' lang='lat' dir='ltr'><em>LH</em></span> <span class='ocrx_word' id='word_1_405' title='bbox 748 2283 757 2316; x_wconf 88' lang='grc' dir='ltr'><em>ΙΙ</em></span> <span class='ocrx_word' id='word_1_406' title='bbox 775 2285 809 2309; x_wconf 89' lang='grc'><strong>23</strong></span> <span class='ocrx_word' id='word_1_407' title='bbox 829 2282 866 2309; x_wconf 84' lang='lat' dir='ltr'><em>ad</em></span> <span class='ocrx_word' id='word_1_408' title='bbox 879 2290 903 2308; x_wconf 89' lang='lat' dir='ltr'><em>v.</em></span> <span class='ocrx_word' id='word_1_409' title='bbox 920 2285 970 2309; x_wconf 85' lang='grc'><em>629</em></span> <span class='ocrx_word' id='word_1_410' title='bbox 989 2282 1026 2308; x_wconf 78' lang='lat' dir='ltr'><em>Et</em></span> <span class='ocrx_word' id='word_1_411' title='bbox 1043 2282 1210 2309; x_wconf 80' lang='lat' dir='ltr'><em>tremefacta</em></span> <span class='ocrx_word' id='word_1_412' title='bbox 1229 2281 1444 2315; x_wconf 81' lang='lat' dir='ltr'><em>(tremefactam)</em></span> 
     </span>
     <span class='ocr_line' id='line_1_46' title="bbox 162 2316 1444 2353; baseline -0.003 -7"><span class='ocrx_word' id='word_1_413' title='bbox 162 2319 284 2351; x_wconf 77' lang='lat' dir='ltr'><em>comam]</em></span> <span class='ocrx_word' id='word_1_414' title='bbox 308 2319 393 2346; x_wconf 85' lang='lat' dir='ltr'><em>solita.</em></span> <span class='ocrx_word' id='word_1_415' title='bbox 410 2319 508 2353; x_wconf 82' lang='lat' dir='ltr'><em>figura.</em></span> <span class='ocrx_word' id='word_1_416' title='bbox 542 2318 643 2353; x_wconf 72' lang='lat' dir='ltr'><em>Natat]</em></span> <span class='ocrx_word' id='word_1_417' title='bbox 668 2318 739 2345; x_wconf 77' lang='lat' dir='ltr'><em>cutit</em></span> <span class='ocrx_word' id='word_1_418' title='bbox 762 2318 837 2351; x_wconf 77' lang='lat' dir='ltr'><em>(fort.</em></span> <span class='ocrx_word' id='word_1_419' title='bbox 857 2317 1000 2351; x_wconf 76' lang='lat' dir='ltr'><em>quatitur).</em></span> <span class='ocrx_word' id='word_1_420' title='bbox 1022 2318 1049 2343; x_wconf 82' lang='lat' dir='ltr'><em>P</em></span> <span class='ocrx_word' id='word_1_421' title='bbox 1070 2318 1080 2351; x_wconf 93' lang='grc' dir='ltr'><em>ΙΙ</em></span> <span class='ocrx_word' id='word_1_422' title='bbox 1102 2320 1137 2344; x_wconf 79' lang='lat'><em>24</em></span> <span class='ocrx_word' id='word_1_423' title='bbox 1156 2317 1254 2351; x_wconf 78' lang='lat' dir='ltr'><em>erytici</em></span> <span class='ocrx_word' id='word_1_424' title='bbox 1274 2317 1296 2343; x_wconf 81' lang='lat' dir='ltr'><em>O</em></span> <span class='ocrx_word' id='word_1_425' title='bbox 1317 2317 1326 2350; x_wconf 91' lang='grc' dir='ltr'><em>ΙΙ</em></span> <span class='ocrx_word' id='word_1_426' title='bbox 1354 2318 1387 2342; x_wconf 80' lang='grc'><em>25</em></span> <span class='ocrx_word' id='word_1_427' title='bbox 1407 2316 1444 2343; x_wconf 84' lang='lat' dir='ltr'><em>ad</em></span> 
     </span>
     <span class='ocr_line' id='line_1_47' title="bbox 162 2351 1442 2390; baseline -0.002 -9"><span class='ocrx_word' id='word_1_428' title='bbox 162 2363 185 2381; x_wconf 89' lang='lat' dir='ltr'><em>v.</em></span> <span class='ocrx_word' id='word_1_429' title='bbox 202 2357 253 2381; x_wconf 87' lang='grc'><strong>630</strong></span> <span class='ocrx_word' id='word_1_430' title='bbox 272 2354 454 2390; x_wconf 87' lang='lat' dir='ltr'><em>Vulneribus]</em></span> <span class='ocrx_word' id='word_1_431' title='bbox 473 2363 525 2388; x_wconf 89' lang='lat' dir='ltr'><em>pro</em></span> <span class='ocrx_word' id='word_1_432' title='bbox 544 2354 647 2381; x_wconf 73' lang='lat' dir='ltr'><em>ictibus</em></span> <span class='ocrx_word' id='word_1_433' title='bbox 667 2375 672 2380; x_wconf 95' lang='lat'>.</span> <span class='ocrx_word' id='word_1_434' title='bbox 689 2375 694 2381; x_wconf 95' lang='lat'>.</span> <span class='ocrx_word' id='word_1_435' title='bbox 712 2375 717 2380; x_wconf 92' lang='lat'><em>.</em></span> <span class='ocrx_word' id='word_1_436' title='bbox 738 2353 877 2380; x_wconf 83' lang='lat' dir='ltr'><em>arborum.</em></span> <span class='ocrx_word' id='word_1_437' title='bbox 899 2353 926 2379; x_wconf 89' lang='lat' dir='ltr'><strong><em>P</em></strong></span> <span class='ocrx_word' id='word_1_438' title='bbox 938 2353 948 2387; x_wconf 90' lang='grc' dir='ltr'><em>ΙΙ</em></span> <span class='ocrx_word' id='word_1_439' title='bbox 962 2356 994 2380; x_wconf 85' lang='grc'><em>27</em></span> <span class='ocrx_word' id='word_1_440' title='bbox 1014 2354 1052 2380; x_wconf 85' lang='lat' dir='ltr'><em>ad</em></span> <span class='ocrx_word' id='word_1_441' title='bbox 1069 2362 1093 2380; x_wconf 83' lang='lat' dir='ltr'><em>v.</em></span> <span class='ocrx_word' id='word_1_442' title='bbox 1110 2356 1160 2380; x_wconf 85' lang='grc'><em>632</em></span> <span class='ocrx_word' id='word_1_443' title='bbox 1181 2354 1221 2380; x_wconf 91' lang='lat' dir='ltr'><em>Ac</em></span> <span class='ocrx_word' id='word_1_444' title='bbox 1241 2353 1358 2379; x_wconf 77' lang='lat' dir='ltr'><em>ducente</em></span> <span class='ocrx_word' id='word_1_445' title='bbox 1378 2351 1442 2387; x_wconf 88' lang='lat' dir='ltr'><em>deo]</em></span> 
     </span>
     <span class='ocr_line' id='line_1_48' title="bbox 162 2389 1081 2424; baseline -0.002 -7"><span class='ocrx_word' id='word_1_446' title='bbox 162 2390 316 2417; x_wconf 85' lang='lat' dir='ltr'><em>seeundum</em></span> <span class='ocrx_word' id='word_1_447' title='bbox 335 2398 381 2417; x_wconf 83' lang='lat' dir='ltr'><em>eos</em></span> <span class='ocrx_word' id='word_1_448' title='bbox 402 2412 407 2417; x_wconf 93' lang='lat'>.</span> <span class='ocrx_word' id='word_1_449' title='bbox 424 2413 430 2418; x_wconf 94' lang='lat'>.</span> <span class='ocrx_word' id='word_1_450' title='bbox 446 2411 451 2417; x_wconf 97' lang='lat'>.</span> <span class='ocrx_word' id='word_1_451' title='bbox 471 2390 539 2417; x_wconf 83' lang='lat' dir='ltr'><em>deus</em></span> <span class='ocrx_word' id='word_1_452' title='bbox 559 2389 630 2417; x_wconf 78' lang='lat' dir='ltr'><em>afuit</em></span> <span class='ocrx_word' id='word_1_453' title='bbox 649 2389 759 2424; x_wconf 72' lang='lat' dir='ltr'><em>(affuit).</em></span> <span class='ocrx_word' id='word_1_454' title='bbox 781 2389 808 2415; x_wconf 88' lang='lat' dir='ltr'><em>P</em></span> <span class='ocrx_word' id='word_1_455' title='bbox 820 2389 830 2423; x_wconf 75' lang='lat' dir='ltr'>ss</span> <span class='ocrx_word' id='word_1_456' title='bbox 843 2398 894 2415; x_wconf 65' lang='lat' dir='ltr'><em>mc</em></span> <span class='ocrx_word' id='word_1_457' title='bbox 913 2389 939 2415; x_wconf 92' lang='lat' dir='ltr'><em>L</em></span> <span class='ocrx_word' id='word_1_458' title='bbox 952 2389 962 2423; x_wconf 77' lang='lat' dir='ltr'>u</span> <span class='ocrx_word' id='word_1_459' title='bbox 976 2398 1028 2415; x_wconf 70' lang='lat' dir='ltr'><em>m-:A</em></span> <span class='ocrx_word' id='word_1_460' title='bbox 1047 2389 1081 2415; x_wconf 90' lang='lat' dir='ltr'><em>H</em></span> 
     </span>
    </p>
   </div>
  </div>
 </body>
</html>
