1630 2684
494 140 608 169 coMM.
627 142 668 169 IN
686 142 793 171 VERG.
813 143 897 172 AEN.
916 145 950 172 ΙΙ.
970 148 1119 175 599—606.
1378 150 1442 182 307

167 222 326 264 Troianis,
348 223 424 263 quia
445 233 515 255 cum
536 233 605 255 eam
627 223 723 257 Paris
745 226 863 267 rapuit,
891 227 934 259 ad
955 227 1127 269 Aeyyptum
1144 230 1299 270 profectus
1321 232 1442 274 dicitur,

163 278 281 308 mutato
303 276 424 308 itiner-is
449 286 555 318 cursu,
582 288 620 309 ne
643 288 664 309 a
687 277 816 311 Graecis
836 279 916 319 forte
938 281 1162 321 insequentibus
1184 285 1441 325 comprehendere-

164 331 223 361 tur.
258 329 304 362 ibi
324 340 346 361 a
363 329 473 362 Pmteo
495 332 630 370 receptus
651 330 790 372 hospitio.
827 333 880 364 sed
901 343 970 365 cum
988 334 1110 366 Helena
1128 335 1236 368 Proteo
1258 347 1348 369 suam
1368 349 1441 370 nar-

162 385 261 415 rasset
281 383 446 422 iniuriam,
469 383 507 415 ab
530 394 563 415 eo
585 386 702 416 retenta
725 388 776 417 est.
814 388 878 417 tum
888 381 962 419 bine
980 397 1016 419 ea
1029 387 1125 420 Paris
1147 391 1229 421 venit
1249 391 1291 422 ad
1306 392 1441 424 Troiam.

164 435 278 468 Graeci
299 439 402 469 autem
417 439 565 478 putantes
587 439 669 478 quod
690 439 890 471 occultaretur
907 451 928 471 a
947 441 1094 474 Troianis
1112 445 1141 474 et
1158 443 1273 475 nollent
1293 445 1353 476 sibi
1374 456 1441 477 eam

162 490 295 529 reddere,
318 490 490 523 deleverunt
509 491 638 523 Troiam
658 492 793 531 frustra,
817 503 886 524 cum
906 494 1038 526 Troiani
1060 506 1126 527 vere
1148 497 1280 528 dicerent
1301 508 1332 530 sc
1350 499 1441 530 Helc-

160 553 237 575 nam
258 553 322 575 non
342 544 462 576 vidisse.
507 544 566 576 alii
588 546 694 577 dicunt
715 556 736 577 a
759 546 869 578 Proteo
892 548 1013 587 quidem
1031 548 1186 580 Helenam
1206 550 1319 582 Paridi
1340 552 1441 584 subla-

160 598 225 628 tam
247 598 277 628 et
296 597 479 637 quibusdam
501 598 676 639 disciplinis
692 599 884 639 phantasma
907 601 942 632 in
964 601 1198 634 similitudinem
1219 604 1356 636 Helenae
1378 605 1440 636 Pa-

159 649 223 681 ridi
249 650 369 692 datum,
396 661 490 691 quam
516 652 685 693 imayinem
712 653 764 685 ille
790 654 833 685 ad
861 654 988 686 Troiam
1016 655 1129 687 dicitur
1149 657 1329 696 pertulisse:
1361 660 1442 699 quod

157 700 251 735 etiarn
269 703 442 736 Homerum
463 705 570 737 volunt
592 706 722 747 tetiyisse
743 707 907 748 subtiliter,
929 708 1122 752 ubi‚Aeneas
1145 720 1166 741 a
1185 711 1329 751 Neptuno
1352 722 1439 752 oppo-
1461 716 1492 740 10

157 757 220 789 sita
241 757 320 789 nube
343 757 497 790 liberatur.
543 756 629 801 ἀμφὶ
649 757 681 791 δ’
703 757 757 801 ἄρ’
780 759 907 805 εἰδώλῳ
931 762 1040 804 Τρῶες
1062 761 1117 793 καὶ
1142 764 1212 795 διοῖ
1231 762 1388 806 Ἀχαιοί*

158 816 344 843 LAOAENAE
369 822 388 843 a.
410 812 577 853 provincia
600 813 770 845 Laconica.
811 816 843 846 et
866 815 1059 857 notandum,
1082 816 1315 850 derivationem
1339 819 1439 851 mino-

157 874 227 896 rem
250 875 320 896 esse
344 875 363 896 a
386 864 643 908 principalitate,
667 867 752 908 quod
776 878 884 899 rarum
910 870 968 900 est.

247 918 322 950 602.
358 927 587 952 CVLPATVSVE
610 928 710 952 PARIS
734 920 937 962 criminosus,
960 932 1038 954 reus.
1121 936 1222 956 DIVVM
1241 937 1439 958 INCLEMENHA

158 971 286 1004 latenter
307 971 357 1004 hic
377 971 478 1004 Venus
499 983 591 1005 suam
607 976 726 1014 purgat
746 974 896 1006 invidiam
914 975 1052 1017 dicendo,
1078 976 1206 1008 Troiam
1225 977 1349 1009 deorum
1370 989 1439 1010 con-
1460 982 1491 1006 15

156 1025 327 1066 spiratione
348 1026 495 1064 subverti;
514 1029 639 1067 poterat
660 1028 742 1059 enim
765 1028 793 1059 ei
816 1028 905 1070 obici,
928 1030 1010 1069 quod
1031 1030 1095 1061 nisi
1117 1030 1186 1070 ipsa
1209 1031 1352 1071 rapiendi
1374 1031 1437 1063 He-

1460 450 1475 473 e·

111 1109 115 1113 .
157 1078 259 1111 lenam
281 1078 396 1111 Paridi
417 1082 523 1111 auctor
543 1080 666 1120 fuisset,
691 1081 788 1112 Troia
810 1092 873 1113 non
893 1082 1004 1122 fuisset
1026 1093 1135 1114 eversa.

246 1132 319 1164 604.
356 1140 478 1164 ASPICE
501 1132 539 1164 de
562 1133 707 1165 Homero
735 1135 890 1176 tractum,
919 1135 973 1176 qui
1001 1135 1124 1167 inducit
1146 1135 1326 1168 Minervam
1349 1148 1438 1178 prae-

116 1177 122 1184 *
157 1185 297 1217 stantem
320 1185 386 1217 ista
408 1185 568 1218 Diomedi.
613 1189 643 1218 et
664 1187 735 1219 bene
756 1188 986 1229 subdistinquit‚
1013 1189 1088 1229 quia
1109 1199 1172 1221 non
1194 1190 1293 1222 solum
1316 1190 1437 1229 dicitur,

155 1238 209 1270 sed
232 1239 325 1270 etiam
353 1250 451 1271 manu
477 1240 681 1281 siqnificatur.
771 1250 916 1280 NAMQVE
949 1250 1071 1273 OMNEM
1103 1243 1181 1274 ordo
1212 1245 1276 1274 est:
1309 1254 1437 1276 omnem
1456 1248 1490 1271 20

155 1290 218 1323 tibi
235 1292 357 1324 nubem
376 1292 527 1334 eripiam,
550 1304 632 1335 quae
651 1294 760 1326 umida
784 1295 903 1326 circum
929 1295 1050 1336 caligat
1074 1297 1107 1327 et
1130 1296 1283 1328 mortales
1303 1297 1438 1329 hebetat

154 1344 243 1377 visus
276 1346 390 1378 tuenti.
443 1346 562 1379 dicitur
595 1348 681 1379 enim
713 1348 834 1380 nebula
866 1350 938 1380 orta
970 1349 1008 1380 de
1041 1349 1136 1380 terris
1170 1349 1282 1381 obesse
1314 1351 1436 1382 nostris

155 1397 338 1430 obtutibus:
368 1399 453 1431 unde
481 1400 605 1441 aquila,
636 1401 713 1442 quia
740 1412 838 1442 supra
865 1401 1017 1433 nebulam
1048 1404 1111 1443 est,
1141 1402 1214 1443 plus
1245 1402 1341 1434 videt.
1387 1406 1437 1435 est

155 1451 254 1483 etiam
281 1451 469 1494 theologica
497 1454 595 1494 ratio,
627 1454 703 1495 quia
731 1454 918 1496 ignorantes
942 1466 1035 1486 usum
1059 1454 1235 1488 Venerium
1259 1457 1366 1488 videre
1390 1457 1436 1489 di-

155 1506 270 1537 cuntur
290 1507 322 1537 et
339 1506 485 1538 numina:
508 1507 591 1538 unde
610 1519 695 1539 nunc
715 1508 830 1540 merito
853 1510 928 1549 post
942 1508 1078 1540 Veneris
1098 1509 1284 1541 abscessum
1303 1511 1437 1542 numina
1455 1515 1488 1538 25

153 1557 274 1591 vidisse
306 1558 423 1591 dieitur
454 1559 591 1592 Aenean.
683 1570 847 1594 OBDvc'rA
879 1562 1081 1604 superducta.
1176 1571 1308 1595 TVENTI
1340 1563 1435 1595 modo

155 1609 164 1625 ⁸
170 1611 294 1644 videnti
299 1611 319 1653 '‚
343 1612 425 1644 alias
450 1612 459 1626 ‘
466 1612 649 1645 defendenti
656 1613 675 1645 '.

242 1665 315 1697 606.
353 1675 474 1704 NEQvA
497 1676 669 1700 PARENTIS
693 1676 791 1700 1vssA
815 1677 900 1700 TIME
923 1678 984 1708 pro
1008 1667 1085 1700 (κε’.
1121 1671 1151 1700 et
1177 1668 1249 1700 ‘ne'
1273 1670 1435 1710 particula

225 1737 257 1760 11
277 1732 365 1769 ἀμφὶ]
384 1735 416 1762 Π.
432 1736 457 1762 V
472 1739 523 1763 451
538 1738 548 1770 Ι]
564 1740 596 1763 18
616 1737 650 1763 de
664 1737 798 1772 Homero]
818 1737 850 1765 ΙΙ.
865 1737 891 1764 V
906 1740 956 1764 127
963 1746 1020 1771 sqq.
1036 1738 1046 1771 ΙΙ
1061 1741 1094 1764 22
1110 1737 1212 1764 dicitur
1226 1738 1299 1764 enim
1315 1759 1321 1765 .
1333 1759 1356 1765 ..
1372 1739 1434 1773 plus

152 1768 243 1804 videt]
259 1777 344 1797 exscr.
360 1771 498 1806 mythogr.
511 1772 550 1798 111
560 1775 585 1806 6,
597 1776 630 1799 24
644 1773 654 1807 Ι]
669 1776 701 1799 23
717 1774 760 1799 est
774 1772 859 1799 etiam
875 1793 880 1798 .
893 1795 898 1799 .
911 1794 916 1799 .
932 1773 1052 1808 Aeneas]
1069 1774 1355 1808 exscr.mythogr.111
1368 1777 1408 1807 11,
1418 1777 1433 1801 5

225 1835 238 1858 1
259 1832 404 1867 aegiptum
420 1833 443 1860 Ο
454 1834 463 1867 ΙΙ
478 1836 493 1859 2
508 1833 592 1868 forte]
607 1834 700 1861 forsan
717 1834 864 1868 Scioppius
879 1835 998 1861 enotavit
1011 1836 1020 1868 ΙΙ
1035 1838 1049 1861 3
1065 1835 1184 1869 protheo
1200 1835 1242 1869 011
1256 1836 1374 1869 protheo
1390 1836 1413 1862 Ο

154 1869 171 1893 5
186 1867 214 1894 et
228 1867 376 1902 Scioppius
390 1870 523 1895 enotavit:
541 1870 573 1896 ut
589 1869 612 1896 G
622 1871 632 1904 ΙΙ
647 1873 662 1896 6
682 1878 710 1896 se
726 1878 758 1896 ex
773 1870 821 1896 sed
838 1870 861 1897 0
872 1871 881 1904 ΙΙ
897 1873 910 1896 7
930 1870 1036 1904 paridis
1052 1870 1076 1897 0
1086 1871 1095 1904 ΙΙ
1110 1873 1124 1897 9
1145 1871 1240 1897 datam
1257 1870 1286 1903 Ο,
1306 1872 1412 1898 correxi

152 1910 237 1936 quam
257 1923 263 1930 .
279 1925 284 1930 .
301 1924 307 1930 .
327 1904 476 1937 pertulisse
495 1912 545 1931 om.
561 1904 709 1939 Scioppius
722 1906 731 1939 ΙΙ
752 1908 784 1932 10
803 1905 933 1939 apposita.
952 1908 1019 1932 enot.
1035 1906 1182 1939 Scioppius
1194 1907 1204 1940 ss
1227 1909 1257 1932 11
1279 1913 1434 1940 ausprAPlAu

153 1947 252 1965 noi-roc
271 1949 318 1965 nu
337 1948 394 1966 Διοι
414 1947 503 1966 Δειαοι
524 1940 557 1973 0,
581 1948 631 1967 om.
651 1941 806 1974 Scioppius.
840 1949 916 1974 quem
935 1941 1044 1967 Iliados
1067 1949 1173 1967 versum
1191 1942 1345 1968 scholiastes
1362 1942 1434 1974 falso

150 1972 312 2006 Neptunum
323 1983 376 2008 pro
392 1975 523 2008 Apolline
536 1984 687 2002 memorans
701 1977 852 2008 laudasset,
870 1977 940 2003 vidit
954 1976 990 2004 F.
1002 1976 1151 2003 Schoellius
1164 1978 1173 2010 ΙΙ
1189 1980 1220 2003 12
1236 1976 1433 2004 diriuationem

152 2007 277 2035 OPLH
310 2018 327 2036 a.
341 2018 391 2037 om.
404 2010 448 2044 011
464 2014 497 2037 14
514 2011 551 2037 ad
564 2019 588 2037 v.
604 2014 656 2038 602
676 2011 824 2046 Culpatus]
845 2011 1009 2041 criminosus
1024 2020 1095 2038 reus.
1111 2012 1144 2038 P.
1158 2013 1168 2046 11
1182 2023 1215 2039 νε
1230 2021 1304 2038 mnus
1324 2021 1373 2039 om.
1391 2012 1414 2038 0
1425 2013 1434 2046 {l

151 2052 265 2071 mvnmu
318 2046 328 2079 u
353 2049 385 2072 15
404 2045 528 2073 inuidiae
548 2046 696 2080 Scioppius
714 2050 781 2073 enot.
801 2048 810 2080 ΙΙ
829 2047 1038 2080 consprratione
1054 2047 1078 2074 Ο
1092 2048 1102 2081 [Ι
1127 2051 1159 2074 16
1179 2047 1315 2082 subverti]
1336 2048 1367 2074 in
1385 2048 1434 2074 hoc

150 2079 230 2106 verbo
244 2080 344 2107 desinit
361 2081 513 2108 Gassellani
526 2083 670 2115 quaternio
686 2083 765 2109 XII.
781 2083 790 2116 ΙΙ
807 2084 837 2108 18
857 2083 895 2108 ad
908 2091 932 2108 v.
948 2085 999 2109 604
1018 2083 1146 2116 Namque
1162 2083 1284 2117 omnem]
1305 2083 1372 2110 ordo
1391 2085 1434 2109 est

152 2134 159 2141 .
175 2136 181 2141 .
197 2135 203 2141 .
228 2117 258 2142 et
280 2116 415 2143 mortales
438 2117 554 2144 hebetat
577 2117 690 2151 (abitat)
714 2117 789 2144 uisus
812 2117 910 2144 tuenti.
946 2117 1085 2153 Obducta]
1110 2118 1285 2152 superducta.
1318 2118 1431 2153 Tuenti]

151 2149 234 2177 modo
253 2151 372 2185 uidenti,
392 2152 463 2179 alias
482 2152 651 2180 defendenti.
667 2153 713 2187 ΡΙΙ
728 2156 760 2180 19
780 2152 921 2188 Diomedi]
941 2150 1029 2187 ἀχλὺν
1044 2151 1073 2180 δ’
1089 2149 1126 2180 αὖ
1141 2164 1184 2181 τοι
1198 2151 1250 2180 ἀπ’
1272 2151 1432 2188 ὀφθαλμῶν

153 2183 228 2219 ἔλον,
246 2183 264 2220 ἣ
284 2186 350 2219 πρὶν
370 2185 471 2222 ἐπῆεν,
490 2186 559 2221 ὄφρ’
580 2184 613 2215 εὖ
633 2186 788 2223 γιγνώσκῃς
806 2185 878 2222 ἠμὲν
897 2186 970 2215 θεὸν
983 2186 1034 2222 ἠδὲ
1051 2189 1099 2215 καὶ
1113 2187 1205 2223 ἄνδρα
1225 2189 1266 2222 (ΙΙ.
1281 2189 1306 2215 V
1323 2192 1373 2215 127
1383 2191 1432 2223 sq.)

152 2221 216 2247 add.
235 2221 265 2247 D
282 2223 292 2255 ΙΙ
310 2225 342 2248 21
362 2223 481 2250 habetat
499 2224 533 2250 H
547 2225 557 2258 fl
576 2227 609 2250 23
630 2224 774 2258 optutibus
795 2224 831 2250 M
843 2224 853 2258 ΙΙ
872 2227 907 2250 24
926 2223 1013 2250 etiam
1030 2224 1098 2250 OE.-
1117 2225 1190 2251 enim
1210 2225 1314 2251 LHM
1326 2225 1335 2258 ss
1353 2225 1431 2250 theo-

151 2255 226 2283 1οὶοι
244 2257 278 2283 H
287 2257 297 2291 ΙΙ
311 2260 344 2284 25
364 2259 394 2285 et
411 2267 461 2285 om.
476 2259 501 2285 L
521 2259 595 2292 (add.
611 2260 631 2292 l)
645 2261 654 2294 fl
667 2260 740 2286 unde
760 2260 880 2286 abeunte
899 2267 1001 2286 uenere
1019 2260 1135 2287 numina
1153 2260 1226 2287 uidit
1241 2268 1341 2287 aeneas
1357 2260 1393 2285 Μ
1397 2267 1410 2285 e
1424 2260 1432 2294 Η

152 2293 186 2317 27
206 2291 314 2319 uiuenti
327 2293 380 2327 Eu
394 2296 427 2320 28
447 2295 484 2321 ad
497 2303 520 2321 v.
538 2298 589 2322 606
608 2295 708 2329 Nequa
725 2294 850 2329 parentis
868 2294 945 2321 iussa
963 2294 1043 2330 time]
1063 2304 1113 2330 pro
1135 2295 1202 2323 ‘ne’.
1234 2297 1263 2322 et
1280 2295 1349 2321 haec
1369 2302 1431 2328 par-

150 2326 239 2354 ticula
257 2326 424 2362 imperatiuo
442 2329 568 2364 iungitur
582 2330 679 2364 modo,
698 2330 745 2357 sed
760 2330 900 2357 interdum
919 2331 1060 2364 praesenti
1078 2331 1211 2365 tempori,
1230 2330 1370 2357 interdum
1389 2329 1431 2356 fu-

150 2362 214 2389 turo
234 2362 360 2398 (future),
378 2366 463 2399 prout
480 2373 591 2392 necesse
609 2366 702 2393 fuerit.
725 2365 753 2391 P
773 2366 782 2400 ΙΙ
804 2374 838 2392 ne
857 2365 1010 2401 particula]
1029 2366 1099 2393 haec
1118 2366 1255 2400 particula
1275 2365 1311 2392 0*

1164 2409 1218 2436 20*
