1722 2670
0 2370 31 2670 wvv-wwwxwv-W*
0 2327 6 2358 -..,
1 2303 8 2314 ,V
0 2068 13 2189 ”ww-³³⁴&
0 1972 2 1975 .
0 1925 1 1929 „
0 1909 2 1911 ,
0 1889 1 1897 ᾼ

498 131 611 159 COMM.
631 131 670 157 IN
688 130 796 158 VERG.
816 129 900 159 AEN.
920 131 967 158 111.
988 134 1101 159 74—80.
1370 129 1434 162 353

107 207 113 212 ¹
156 218 281 248 taurum
298 215 513 257 perimendum
525 213 703 255 placuitque
725 223 794 245 cum
806 215 908 254 patre,
931 215 967 245 ut
985 211 1040 256 (si)
1062 213 1142 245 illud
1159 216 1330 246 monstrum
1348 213 1435 245 vicis-

156 272 208 308 set,
230 269 296 301 vela
319 268 453 301 candida
474 266 606 299 navibus
628 267 723 308 daret,
746 267 775 299 si
795 266 875 306 forte
897 277 918 298 a
931 248 1116 298 Minotauro
1137 267 1247 306 fuisset
1268 276 1436 307 oppressus,

156 323 317 364 naviyium
346 331 415 354 cum
444 321 523 352 atris
552 320 626 352 velis
655 320 775 352 rediret.
820 320 873 352 sed
900 330 970 352 cum
999 320 1178 352 extinxisset
1207 320 1436 358 Minotaurum,

157 376 267 408 oblitus
288 385 351 407 non
373 370 443 406 cum
464 374 618 412 candidis,
647 374 701 405 sed
722 384 791 405 cum
813 374 914 414 niyris
936 373 1010 405 velis
1032 374 1141 405 reverti
1163 373 1270 413 coepit,
1298 375 1327 404 et
1347 373 1437 412 patri

156 429 192 462 in
217 429 340 470 specula
365 428 525 460 constituto
553 427 638 459 triste
664 427 716 459 sui
742 428 886 459 interitus
912 427 1036 468 siynum
1065 427 1162 464 dedit;
1195 427 1248 467 qui
1271 426 1436 458 eaetinctum
1455 431 1470 454 5

156 483 259 524 filium
281 482 402 514 credens
423 491 455 513 se
472 481 691 521 praecipitavit
712 481 747 512 in
770 491 870 521 mare,
892 480 974 512 unde
996 480 1131 521 Aeyeum
1148 480 1279 521 pelayus
1301 479 1437 520 amiella-

157 537 223 568 tum
244 538 296 568 est.

247 588 297 621 75.
333 597 411 621 Plvs
435 597 685 627 ARQVITENENS
715 588 785 620 bene
809 587 918 630 ‘pius',
951 590 1007 620 aut
1035 588 1090 630 qui
1114 587 1202 619 ultus
1227 588 1276 619 est
1299 588 1437 618 matrem

157 642 193 675 de
217 642 317 684 Tityo,
340 643 376 674 de
399 642 510 681 Niobe,
534 642 570 674 de
593 641 748 683 Pythone:
772 644 829 673 aut
850 642 925 682 quia
942 642 1084 682 patriam
1107 641 1255 673 stabilivit
1275 643 1437 672 errantem.

158 695 267 736 leyitur
288 698 317 727 et
339 695 471 736 ‘prius'.
1457 697 1491 721 10

247 749 298 782 76.
334 762 449 782 Mycono
470 761 627 785 GYAROQVE
646 761 792 781 REVINXIT
822 749 950 789 quidam
973 759 1033 789 per
1060 748 1222 780 historiam
1245 748 1361 780 dictum
1379 758 1438 789 pu-

157 804 240 841 tant‚·
277 813 353 834 nam
380 803 461 834 inter
492 803 664 844 Myconum
692 805 720 835 et
743 802 887 844 Gyarum
914 802 1044 843 Syrum,
1076 812 1172 834 unam
1200 802 1235 834 de
1263 801 1439 843 cycladibus

156 866 219 888 esse
243 856 363 895 dicunt,
394 857 475 888 unde
502 856 566 896 fuit
587 856 775 897 Pherecydes
796 855 1004 896 philosophus.
1050 856 1109 887 alii
1135 856 1258 887 nullum
1285 857 1438 886 auctorem

156 909 256 941 alium
282 919 345 941 esse
372 910 533 948 adserunt,
566 910 622 949 qui
644 909 746 941 Delon
773 909 812 941 ab
835 909 983 950 Apolline
1004 909 1168 950 rcliyatam
1190 909 1290 940 dicat:
1323 910 1441 940 constat

158 963 240 994 enim
263 973 330 994 eam
353 965 424 994 ante
446 965 605 1003 evaqatam
623 965 751 1003 propter
773 962 913 994 Latonae
932 965 1060 1003 partum
1082 963 1235 994 restitisse.
1260 952 1337 994 *alii
1358 961 1438 992 hanc
1460 963 1490 987 15

158 1015 296 1048 insulam
318 1016 399 1047 inter
421 1015 590 1057 Myconum
613 1018 642 1047 et
665 1015 808 1057 Gyarum
831 1015 978 1047 humilem
1002 1025 1062 1047 esse
1085 1016 1198 1053 dicunt,
1221 1017 1257 1046 ut
1277 1014 1326 1047 his
1348 1015 1439 1055 quasi

159 1069 290 1101 vimulis
313 1069 532 1101 contineatur.*
579 1067 743 1101 ‘revinxit’
767 1071 871 1100 autem
896 1069 1039 1109 [putant]
1063 1078 1140 1100 num
1162 1067 1314 1099 retraxit?

250 1123 301 1155 78.
339 1131 421 1155 com
449 1132 559 1154 DEDIT
589 1133 608 1154 a
636 1122 751 1154 vicinis
776 1122 899 1154 scilicet
921 1122 1059 1164 populis.
1194 1129 1331 1153 VENTos
1357 1129 1439 1153 con-

160 1184 326 1208 ΤΕΜΝΕΒΕ
350 1178 485 1218 prophet
508 1178 615 1208 terrae
639 1177 772 1208 motum.

250 1229 301 1261 79.
338 1238 527 1262 APOLLINIS
551 1238 670 1261 VRBEM
693 1228 813 1261 Delon:
839 1231 872 1261 elz
896 1231 945 1261 est
969 1229 1123 1260 definitio.
1458 1230 1491 1253 20

250 1283 301 1315 80.
338 1296 399 1315 mex
415 1295 507 1315 Amvs
528 1282 634 1314 Anius
663 1283 806 1323 [autem],
833 1293 888 1314 rex
910 1282 992 1321 Deli,
1015 1282 1174 1323 Apollinis
1196 1281 1348 1319 sacerdos,
1372 1290 1441 1312 cum

161 1337 257 1368 trium
284 1336 426 1377 filiarum
453 1338 527 1368 esset
549 1346 680 1376 parens,
707 1346 745 1367 ne
773 1336 868 1367 unius
897 1338 1018 1367 tantum
1041 1335 1089 1367 dei
1111 1337 1185 1367 esset
1207 1337 1290 1366 tutus
1313 1334 1440 1372 auxilio,

160 1390 247 1431 filias
273 1390 398 1422 numini
420 1389 526 1421 Liberi
547 1390 652 1430 patris
675 1390 802 1428 devovit,
834 1389 890 1429 qui
906 1399 1017 1429 parem
1039 1389 1067 1420 ei
1087 1389 1225 1429 qratiam
1247 1388 1374 1420 reddens
1397 1387 1440 1427 ef—

159 1443 244 1484 fecit,
276 1446 312 1475 ut
336 1443 489 1483 quidquid
509 1453 574 1474 una
601 1443 750 1483 attiqisset
772 1445 934 1474 verteretur
956 1443 992 1473 in
1012 1442 1125 1482 fruyes,
1148 1442 1247 1473 altera
1270 1442 1304 1472 in
1326 1441 1442 1481 vinum,

162 1497 252 1528 tertia
274 1497 310 1528 in
333 1497 440 1528 oleum.
473 1496 508 1527 id
529 1505 598 1527 cum
621 1495 811 1535 comperisset
828 1495 1053 1536 Aqamemnon,
1076 1495 1140 1526 dux
1153 1494 1350 1535 Amicorum,
1372 1504 1441 1525 cum
1461 1496 1494 1519 25

161 1550 246 1582 mille
268 1550 399 1582 navibus
421 1551 654 1590 omouynaturus
676 1549 736 1580 iret
760 1548 901 1591 Troiam,
929 1548 1016 1580 misit
1037 1548 1091 1588 qui
1113 1558 1164 1579 eas
1186 1548 1379 1585 accersirent,
1408 1549 1443 1578 ut

156 1606 259 1644 posset
286 1603 367 1635 alere
390 1602 540 1634 Graeciae
566 1595 739 1633 exercitum.
785 1612 862 1642 quae
890 1611 959 1633 cum
986 1601 1105 1633 vinctae
1128 1603 1299 1632 tenerentur
1321 1601 1442 1632 invoca-

162 1659 272 1689 verunt
293 1656 441 1688 Liberum
462 1658 597 1696 patrem,
631 1665 708 1696 quas
735 1655 809 1686 deus
836 1655 871 1686 in
900 1654 1055 1686 columbas
1082 1654 1172 1686 vertit
1198 1656 1226 1685 et
1251 1655 1297 1686 ita
1319 1653 1442 1685 vincula

161 1710 235 1750 fecit
260 1710 407 1751 effuyere:
440 1710 521 1741 unde
547 1705 691 1749 hodieque
720 1708 795 1740 Deli
821 1707 975 1740 columbas
1004 1707 1119 1739 violare
1148 1707 1236 1747 nefas
1265 1709 1315 1739 est.
1362 1707 1442 1738 hunc

163 1765 266 1796 tamen
280 1763 402 1795 Anium
415 1762 599 1802 Palaefatus
622 1762 715 1793 ctiam
732 1763 945 1803 propinquum
968 1762 1065 1793 tradit
1077 1760 1241 1793 Anchisae.
1264 1761 1322 1792 alii
1336 1760 1443 1792 dicunt
1460 1766 1494 1789 30

236 1871 269 1895 21
290 1868 378 1895 Anius
398 1868 492 1895 nubem
512 1875 535 1894 e.
555 1876 581 1901 q.
602 1867 636 1902 s.]
657 1866 691 1894 cf.
712 1867 802 1894 Tzetz.
823 1866 860 1893 ad
879 1866 1016 1901 Lycophr.
1037 1866 1112 1893 Cass.
1131 1869 1184 1893 570

239 1969 252 1993 1
270 1966 445 2001 placuitque]
464 1965 628 2000 pepigitque
645 1965 800 1992 Masvicius
813 1965 822 1998 ΙΙ
837 1965 860 1991 si
878 1965 988 1992 addidit
1002 1965 1106 1992 Daniel
1118 1965 1128 1999 ΙΙ
1142 1968 1158 1991 8
1177 1973 1339 1990 Auen-Eunus
1356 1964 1393 1990 M
1396 1963 1442 1999 ΕΗ

166 2002 358 2037 Amvxmnnns]
377 2002 480 2036 Apollo
499 2003 542 2028 est
561 2001 670 2028 addidit
688 2000 805 2033 Daniel,
829 2000 990 2035 Apollinem
1008 2000 1077 2027 dicit
1095 2000 1169 2026 Ision
1188 2001 1197 2034 ΙΙ
1216 2002 1232 2026 9
1252 1999 1336 2033 Tityo
1355 1999 1441 2026 Hein-

166 2038 224 2064 sius
243 2046 287 2071 ap.
306 2037 515 2064 Bwrmannum:
538 2036 663 2070 ffitycone
683 2036 714 2062 F
739 2036 891 2070 Typhaone
912 2036 1068 2062 Masvicius
1085 2037 1094 2070 ΙΙ
1112 2035 1208 2070 pitone
1228 2035 1279 2069 Fu
1299 2038 1330 2061 12
1351 2034 1443 2061 mieofi

168 2073 196 2099 el:
215 2073 330 2107 gyafiF
340 2074 350 2107 11
364 2073 463 2107 Syrum
482 2072 599 2099 Daniel:
619 2080 728 2098 sacrum
749 2071 779 2097 F
805 2071 919 2105 Scyrum
940 2072 1096 2098 Masvicius
1109 2071 1219 2105 primus
1232 2071 1242 2104 ΙΙ
1257 2073 1289 2097 13
1308 2070 1443 2097 ferecides

167 2108 357 2143 phylosophos
377 2108 407 2135 F
418 2110 427 2142 ΙΙ
440 2108 547 2135 nullam
567 2107 597 2134 F
608 2108 617 2141 ΙΙ
633 2110 666 2133 14
685 2107 847 2134 adseruiunt
862 2107 892 2133 F
903 2107 913 2141 ΙΙ
929 2109 960 2133 15
981 2108 1129 2141 evagatam
1147 2107 1258 2140 scripsi:
1277 2107 1395 2140 euagate
1415 2107 1443 2132 et

169 2143 200 2169 F
221 2151 340 2177 evagare
358 2145 388 2171 el:
400 2144 505 2171 Daniel
518 2144 628 2177 primus
641 2143 651 2177 11
665 2142 714 2169 alii
734 2165 738 2169 .
756 2165 762 2170 .
779 2164 785 2170 .
805 2142 980 2170 contineatur
998 2143 1050 2169 huc
1068 2142 1239 2176 transposuit
1252 2141 1364 2173 Daniel,
1380 2143 1443 2174 post

168 2178 284 2206 retraxit
305 2179 383 2206 habet
411 2179 442 2206 F
466 2181 475 2214 ΙΙ
505 2183 536 2206 17
561 2180 664 2213 putant
685 2179 783 2205 seclusi
809 2179 818 2212 ΙΙ
848 2181 880 2205 18
899 2187 931 2204 m·
949 2187 1138 2205 com-nument:
1162 2187 1262 2204 vum-os
1283 2177 1319 2203 M
1345 2178 1354 2210 ΙΙ
1381 2186 1443 2202 cox-

169 2223 305 2241 mssurme
324 2214 392 2241 FH
410 2215 420 2248 11
447 2218 481 2242 20
501 2216 530 2242 et
547 2223 596 2242 om.
613 2214 684 2240 ME
709 2215 718 2248 ΙΙ
746 2213 864 2240 difinitio
879 2213 944 2240 LH
955 2214 964 2247 ΙΙ
978 2213 1114 2248 definitio]
1134 2213 1258 2240 eiusdem
1276 2211 1395 2239 nominis
1416 2212 1444 2237 et

170 2249 236 2276 urbs
255 2251 284 2277 et
301 2250 394 2277 insula
411 2250 496 2277 Delos
516 2250 619 2277 dieissur
637 2250 747 2276 addidit
766 2250 869 2276 Daniel
882 2250 892 2283 ΙΙ
906 2252 939 2275 22
958 2250 1036 2276 tutus
1055 2249 1135 2276 Gerh.
1160 2249 1285 2275 Vossius:
1305 2248 1378 2273 totas
1394 2246 1424 2272 F
1435 2246 1443 2281 ΙΙ

169 2288 203 2312 23
222 2285 294 2312 filias
313 2285 393 2312 Gerh.
418 2285 542 2319 Vossius:
560 2285 619 2312 filia.
639 2285 669 2311 F
680 2286 689 2319 ΙΙ
702 2285 816 2312 numine
836 2284 866 2311 F
877 2286 886 2319 ΙΙ
901 2288 935 2311 24
953 2284 1101 2319 adtigisset
1120 2284 1150 2310 F
1161 2285 1171 2318 ss
1185 2287 1218 2310 26
1234 2283 1444 2317 obpugnaturus

170 2320 201 2346 F
216 2322 225 2354 ΙΙ
244 2321 415 2348 accerserent
435 2321 591 2348 Masvicius
609 2322 618 2355 ΙΙ
641 2323 675 2347 28
695 2320 775 2356 deus]
794 2321 843 2347 ille
862 2321 966 2347 Daniel
980 2321 1090 2354 primus
1107 2321 1117 2354 [1
1135 2323 1168 2347 30
1187 2319 1330 2345 Palefatus
1349 2317 1443 2344 auium

168 2356 356 2390 propinquum
374 2356 462 2383 tradit
480 2357 611 2383 anchisae
631 2357 755 2384 Ambros.

223 2405 297 2425 Servii
311 2411 390 2425 comm.
405 2406 455 2426 Vol.
469 2406 489 2426 1.
504 2406 570 2427 Fue.
585 2407 603 2426 1.
1197 2401 1230 2425 23
