1722 2670
263 743 297 766 10

264 1019 295 1042 15

260 1284 294 1307 20

260 1559 293 1583 25

317 160 383 192 382
893 163 1015 193 smwn
1066 153 1070 156 ’

406 241 480 274 222.
516 251 690 282 ιΡεγιιργιι
713 253 874 278 vocms
903 245 1054 288 ‘ipsum’,
1084 246 1117 279 id
1145 248 1194 279 est
1221 256 1332 288 regem
1360 247 1507 290 deorum,
1538 249 1597 281 aut

317 296 404 326 certe
436 295 678 339 praedatorem,
711 297 772 330 hoc
800 301 862 338 est,
894 299 946 331 cui
974 299 1012 331 de
1040 299 1162 341 praeda
1188 299 1323 332 debetur
1351 300 1503 343 aliquid:.'
1518 310 1596 334 nam

317 347 457 380 Romani
481 350 580 381 moris
603 349 667 382 fuit
690 353 727 383 ut
750 351 837 384 bella
861 352 986 394 gesturi
1011 352 1049 384 de
1072 355 1166 394 parte
1189 353 1327 395 praedae
1347 353 1470 396 aliquid
1492 354 1596 388 numi-
1630 371 1632 374 ⁴

316 401 412 433 nibus
443 402 690 443 pollicerentur:
722 403 802 436 adeo
835 407 872 437 ut
899 404 1023 438 Romae
1055 405 1155 438 fuerit
1185 416 1284 438 unum
1316 407 1477 449 templum
1508 406 1596 441 Iovia

316 454 533 496 praedatoris:
556 467 622 488 ιιοιι
642 457 727 498 quod
745 458 886 499 praedae
905 460 1048 500 praeest,
1066 458 1123 490 sed
1138 458 1224 500 quod
1237 459 1267 491 ei
1282 460 1405 502 aliquid
1421 471 1461 493 ex
1474 459 1597 503 praeda

316 507 482 541 debeatur.
518 509 564 541 vel
585 510 667 550 quod
687 509 737 542 hic
759 511 833 543 deus
855 512 993 544 iustitiae
1009 514 1140 552 praeest.
1177 522 1247 553 erqo
1265 523 1334 545 eum
1353 524 1422 545 eum
1443 514 1597 561 innovant,

316 563 466 593 testantur
488 572 520 593 se
541 562 624 594 nihil
646 563 724 595 mali
744 564 845 603 faeere
867 575 938 597 oum
959 566 1026 598 sine
1047 565 1167 598 custode
1188 565 1372 598 interimunt
1392 569 1574 600 amma.

405 624 478 656 223.
516 633 553 656 m
577 634 718 658 PARTEM
742 635 980 666 PRAEDAMQVE
1004 628 1038 660 in
1060 629 1188 670 partem
1211 629 1324 661 scibiaet
1344 629 1491 671 praedae.

405 686 479 718 224.
516 696 734 727 DAvastr:
753 698 942 723 EPVLAMVR
965 689 1064 732 dapes
1088 690 1221 722 deorum
1241 693 1329 732 sunt,
1353 691 1467 734 epulae
1490 690 1596 726 homi-

315 749 407 771 num:
440 739 544 771 bene
550 751 628 783 ergo
656 744 827 785 utrumque
860 744 983 785 posuit3
1014 755 1091 775 nam
1119 745 1153 776 et
1181 716 1348 777 sacrificiis
1376 746 1411 777 et
1437 744 1596 796 conviviis

315 802 445 834 operam
470 794 629 826 tribuunt.
720 804 835 829 opums
859 797 1045 839 pinguibus-

404 846 478 878 225.
514 860 640 880 smus
656 859 716 889 pro
733 850 839 882 subito.
873 850 1049 882 adverbium
1071 851 1106 882 in
1124 861 1235 883 nomen
1255 851 1414 892 deflet-um.
1482 858 1592 884 Larsv

314 898 495 942 celeritate,
518 902 554 932 ut
577 912 676 943 supra
699 901 753 942 <11
777 903 872 944 225).
971 916 1091 937 Δυσνινι·
1109 904 1295 937 velocitatem
1317 905 1454 938 ostendit.

402 961 476 994 226.
513 972 689 995 mamma:
719 976 752 996 υι
780 963 903 997 Graeca
931 965 1152 1008 diphthongos
1182 967 1245 998 est:
1274 977 1351 999 nam
1378 966 1497 1000 Latina
1523 976 1595 1009 eene

314 1025 379 1046 non
403 1017 524 1057 potest,
549 1016 625 1058 quia
643 1027 683 1048 ne
703 1029 724 1048 v
743 1017 872 1059 quidem
894 1018 1061 1051 habemus.
1130 1027 1374 1053 CLANGORIBVS
1393 1028 1482 1053 ALAs
1504 1013 1597 1053 deest

315 1066 420 1099 ‘cum’
423 1093 430 1109 ‚
454 1071 489 1100 ut
513 1069 557 1100 sit
581 1068 666 1102 ‘alas
691 1070 885 1112 quatiebant
907 1082 981 1103 cum
1000 1071 1236 1114 clangoribus,
1259 1074 1297 1105 ut
1315 1074 1429 1116 atque
1447 1070 1595 1109 Ixionii

315 1124 429 1153 vento
453 1124 540 1154 rota
564 1123 748 1156 constitit
771 1124 893 1166 orbis,
916 1125 949 1157 id
973 1127 1023 1157 est
1046 1136 1118 1157 cum
1142 1127 1248 1159 vento.
1289 1126 1386 1159 aliter
1408 1118 1597 1169 acyrologia

315 1176 378 1215 est,
408 1175 436 1206 si
464 1175 650 1218 clangorem
680 1176 762 1209 dixit
790 1177 926 1210 alarum-
945 1178 1097 1212 sonitum.
1142 1177 1222 1212 *sed
1242 1190 1317 1212 sane
1343 1179 1393 1212 hic
1413 1190 1519 1214 verente
1539 1180 1597 1223 qui

313 1227 538 1261 circumductus
560 1232 604 1261 est
627 1229 700 1262 talis
721 1231 850 1262 auditur
874 1230 1035 1263 ‘resonant
1056 1232 1179 1273 nmquis
1201 1233 1384 1266 stridon-mus
1405 1232 1528 1266 alae’st·
1557 1230 1586 1279 'f

402 1281 475 1313 227.
513 1295 676 1319 eom-wrm
683 1296 718 1316 νε
738 1296 826 1316 orma
849 1296 984 1317 roseam·
998 1284 1243 1317 &obaudiendum
1257 1284 1346 1326 ‘quae
1356 1284 1593 1328 relinquebant’.

403 1334 476 1367 228.
515 1345 587 1367 Τνιι
615 1337 792 1377 praeterea.
838 1338 872 1368 et
895 1336 986 1369 deest
1008 1336 1120 1379 ‘erat’,
1142 1338 1188 1370 vel
1211 1337 1426 1372 ‘audiebaturt
1470 1342 1501 1372 et
1529 1339 1593 1372 bria

312 1387 399 1419 mala
420 1388 562 1429 ipsamm
578 1390 698 1432 posuit,
721 1401 820 1423 vocem
845 1393 960 1427 tactum
982 1391 1111 1423 odorem

402 1450 476 1483 229.
513 1461 653 1486 Rvnsvu
673 1452 714 1485 ad
733 1452 816 1485 illud
835 1452 940 1485 solum
958 1452 1101 1495 pertinet
1115 1452 1324 1487 ‘instruimus
1338 1453 1499 1498 meneas’·
1516 1465 1593 1500 narn

314 1504 389 1534 ante
412 1503 447 1534 in
470 1504 632 1545 speluncis
655 1517 721 1538 non
744 1505 882 1538 fuerant.
925 1507 958 1538 et
982 1505 1147 1538 sciendum
1169 1506 1254 1539 hanc
1276 1508 1471 1574 particulam
1493 1498 1593 1542 inter-

314 1555 390 1587 dum
414 1556 459 1589 sic
483 1558 573 1599 poni,
597 1560 633 1590 ut
656 1558 811 1591 iteratum
834 1558 957 1605 aliquid
976 1558 1152 1601 signjfioet‚
1174 1561 1212 1591 ut
1229 1560 1258 1593 si
1276 1559 1397 1605 dieas‘
1405 1561 1487 1594 veni
1497 1560 1540 1594 ad
1558 1561 1592 1595 te

314 1620 422 1650 mane,
445 1621 572 1642 rursum
596 1610 695 1643 veni’.
733 1611 893 1644 interdum
918 1612 987 1643 sine
1011 1612 1183 1644 iteratione
1207 1615 1270 1656 est,
1293 1616 1330 1646 ut
1353 1613 1418 1647 ‘fui
1440 1613 1527 1658 apud
1548 1615 1592 1659 te,

313 1673 442 1694 rursum
474 1664 548 1695 veni
582 1663 698 1696 etiam’
731 1675 797 1696 non
825 1664 897 1697 ideo
930 1664 1050 1696 dieis
1055 1664 1202 1697 rursum'
1203 1690 1212 1707 ‚
1245 1666 1322 1708 quia
1353 1667 1454 1713 etiam
1477 1667 1592 1712 primo

385 1779 401 1802 5
420 1776 468 1803 sed
486 1777 587 1811 quod.
626 1778 799 1827 .debeatur]
822 1787 907 1806 exser.
927 1778 1001 1806 Isid..
1012 1787 1050 1806 or.
1070 1779 1096 1806 X
1114 1782 1166 1807 219
1187 1779 1352 1807 ‘Praedator
1369 1781 1464 1808 autem
1483 1780 1528 1808 eet
1545 1779 1590 1819 eui

316 1811 434 1838 debetur
452 1786 505 1839 deq
506 1813 612 1847 praeda
629 1813 758 1848 aliquid!
774 1815 784 1849 Ι
799 1817 832 1842 16
847 1814 945 1850 atque]
964 1822 1059 1849 georg.
1078 1814 1118 1841 IV
1131 1818 1184 1842 484

420 1919 619 1953 praedatorum
644 1920 745 1955 MEfl
766 1929 857 1948 nam.
879 1942 884 1947 .
906 1942 911 1948 .
932 1921 971 1948 ali
991 1920 1040 1948 uid
1063 1929 1113 1948 om.
1133 1921 1196 1956 ΗΙΙ
1218 1925 1234 1948 8
1252 1921 1375 1949 romanis
1393 1921 1420 1948 L
1442 1921 1523 1955 (corr.
1542 1920 1591 1958 1)ss

315 1922 401 1980 bella²
409 1928 519 1988 εἶπαι-ο
539 1955 569 1982 F
594 1955 676 1982 bellis
695 1956 783 1990 gestis
803 1956 827 1983 G
837 1957 847 1991 fl
860 1959 877 1983 4
895 1955 982 1983 fuerit
1013 1956 1069 1983 fuit
1087 1956 1167 1992 FO!
1179 1922 1196 1985 8
1214 1957 1253 1984 ad
1269 1956 1299 1984 in
1317 1956 1455 1999 prwdam
1467 1957 1591 1992 partem·

315 1997 369 2023 que
388 1990 482 2017 Iovem
505 1999 581 2025 supr.
604 2000 671 2018 vers.
695 1992 847 2018 secundum
869 1992 1006 2025 quosdam
1030 1993 1179 2026 propterea
1201 1993 1304 2020 uocant
1321 1999 1414 2019 ιοιιειιι
1431 2000 1462 2019 ιιι

314 2025 434 2058 praedae
458 2026 533 2059 quod
555 2026 616 2061 ipse
641 2026 710 2054 deus
729 2026 854 2054 iustitiae
872 2028 985 2068 praeest
1002 2028 1032 2054 et
1049 2036 1112 2054 cum
1131 2036 1196 2054 etun
1214 2026 1346 2055 introeant
1363 2027 1504 2055 testantur
1519 2027 1593 2055 nihil

315 2060 383 2086 mali
401 2060 494 2087 facere
513 2070 576 2088 cum
595 2062 654 2090 sine
674 2062 788 2089 custode
807 2062 972 2090 interimunt
989 2063 1117 2090 armenta
1137 2063 1163 2090 T
1197 2062 1305 2090 seilicet
1321 2062 1577 2098 hab.01praedse

315 2096 424 2128 partem
444 2096 519 2122 enim
538 2097 630 2124 solent
645 2097 700 2124 diis
718 2097 864 2125 immolare
883 2099 995 2133 partem
1013 2098 1133 2125 retinere
1152 2098 1214 2132 ιιι,
1232 2097 1305 2125 unde
1319 2097 1435 2125 Ovidius
1452 2099 1524 2132 (md.

316 2130 408 2163 154)‘
412 2139 490 2157 saera
509 2132 600 2159 tulere
618 2141 697 2160 suam
715 2141 781 2167 pars
799 2134 842 2160 est
860 2107 928 2161 afta
945 2134 1040 2160 cetera
1057 2133 1173 2160 mensis’
1193 2133 1258 2160 add.
1277 2132 1452 2168 Fabricius}
1465 2136 1481 2161 9
1499 2133 1590 2162 honi-

314 2173 382 2191 ιιιιιιι
400 2173 433 2192 ex
452 2166 575 2193 omnium
590 2168 616 2194 L
635 2168 779 2195 homnium
793 2169 827 2196 H
836 2170 847 2203 Ι
861 2171 894 2195 12
913 2169 951 2196 ad
969 2168 1093 2196 subitae
1096 2177 1172 2203 supr.
1186 2176 1253 2196 vere.
1271 2176 1374 2195 nomen
1388 2177 1440 2203 pro
1453 2168 1590 2198 adun-bio

314 2200 437 2234 positum
458 2201 483 2227 Τ
503 2202 513 2235 fl
536 2202 684 2230 deflectam
704 2204 734 2230 F
753 2205 764 2238 Ι]
788 2207 819 2231 13
839 2205 871 2231 ut
889 2213 973 2239 supra
990 2212 1040 2231 om.
1059 2204 1129 2237 FO,
1146 2204 1262 2237 sortasse
1278 2206 1347 2231 recte
1369 2205 1379 2238 1
1403 2206 1437 2231 14
1453 2212 1520 2232 mm
1537 2212 1589 2233 on.

316 2235 396 2270 Fon
411 2239 443 2263 15
462 2237 510 2277 ne]
529 2245 582 2264 nec
599 2238 703 2264 LME
714 2240 724 2273 1}
740 2242 772 2266 18
791 2239 925 2287 sonitum]
943 2239 1061 2266 Plautus
1079 2239 1109 2266 ιιι
1127 2239 1248 2272 Querulo
1266 2238 1301 2266 de
1320 2239 1464 2267 anseribus
1483 2239 1590 2268 ‘moti

315 2271 375 2298 alas
393 2271 523 2305 quatiunt
541 2272 609 2300 diris
627 2282 690 2300 cum
709 2274 897 2309 clangoribus'
918 2276 982 2302 add
997 2275 1101 2302 Daniel
1113 2275 1123 2309 u
1136 2274 1187 2301 sed
1204 2282 1291 2302 sane.
1330 2274 1413 2302 .alae
1431 2275 1485 2302 huc
1497 2277 1588 2303 nana-

312 2307 407 2340 posuit
426 2307 591 2341 Masvicius,
603 2312 670 2342 post
688 2309 802 2336 odorem
822 2311 882 2344 (lin
903 2311 948 2351 22)
966 2311 1028 2337 hab
1043 2310 1087 2344 F)
1101 2311 1112 2344 Β
1125 2312 1159 2337 21
1178 2310 1208 2337 et
1225 2318 1275 2337 om.
1292 2310 1322 2336 F
1333 2311 1343 2344 fl
1356 2313 1390 2336 22
1409 2310 1524 2339 adorem
1538 2309 1570 2339 F

316 2345 348 2368 23
368 2351 466 2370 nvssvs
486 2342 544 2370 FO
564 2344 574 2377 11
601 2347 635 2370 24
652 2344 683 2371 ιιι
701 2345 885 2380 speluncisqt
902 2345 932 2372 ιιι
950 2345 1070 2391 speculis
1087 2353 1222 2380 superscr-
1241 2345 1301 2373 lme
1322 2347 1332 2380 Η
1359 2348 1394 2373 26
1412 2354 1506 2374 rursue
1525 2345 1564 2376 Μ

314 2377 398 2404 uenio
419 2377 503 2405 MEl
516 2379 526 2413 {J
539 2382 572 2406 27
592 2379 657 2406 veni
674 2387 725 2409 om
744 2380 777 2406 Η
1555 2406 1558 2410 .
