1722 2670
521 130 635 159 COMM.
654 132 694 158 IN
712 131 821 158 VERG.
842 132 924 158 AEN.
946 132 990 158 ΙΙΙ.
1011 134 1125 158 42—54.
1394 132 1460 163 345

179 215 391 256 Polymestori,
414 215 478 255 reyi
499 213 659 255 Thraciae,
679 224 789 254 yenero
812 224 867 245 suo
884 224 944 254 per
961 214 1101 247 Ilionam
1123 214 1233 255 filiam,
1256 225 1324 246 eum
1348 225 1460 255 mayno

178 269 252 300 auri
270 269 404 309 pondere
423 268 622 299 nutriendum
641 268 878 299 commendavit:
903 268 957 308 qui
974 248 1179 309 victaXTroia,
1204 269 1276 300 auri
1295 269 1461 309 eupiditate

178 322 330 363 inpulsus,
353 321 541 362 Polydorum
565 321 707 353 obrutum
730 321 797 353 telis
820 322 935 353 oceidit.

269 384 320 417 50.
357 393 499 416 INFELIX
528 385 583 415 aut
611 384 666 425 qui
694 384 758 415 iam
783 384 897 415 infelix
922 394 991 415 esse
1016 385 1181 424 coeperat,
1212 385 1268 414 aut
1291 383 1342 414 eui
1361 383 1460 414 etiam

178 438 309 479 provisa
335 438 522 469 nocuerunt.
568 439 624 468 aut
647 436 798 478 ‘infelix',
821 437 896 477 quia
919 439 1068 477 superstes
1092 437 1194 468 liberis
1214 437 1286 476 fnit,
1309 439 1365 467 ant
1386 437 1461 476 quia

178 491 230 523 illi
245 491 382 532 perfidia
403 501 466 522 non
490 490 529 522 ab
551 490 686 523 hostibus
710 493 831 522 tantum
854 493 904 522 est.
978 499 1171 522 MANDARAT
1196 490 1382 531 aphaeresis
1402 492 1461 531 est,

179 543 248 576 sive
263 543 381 576 dixeris
400 543 675 585 ε0011111101κί313ΐ,
695 544 762 576 sive
778 543 1001 575 ‘amandarat’.
1026 546 1054 575 et
1072 542 1262 575 ‘mandarat'
1278 546 1322 575 est
1337 544 1460 584 amoris,

179 596 390 630 ‘amandarat’
413 608 482 629 vero
506 598 570 629 odii
588 600 639 629 est.
665 600 693 629 et
711 598 883 629 amandare
901 599 944 629 est
960 597 1016 629 sub
1034 597 1130 637 speeie
1149 597 1309 638 leqationis
1327 597 1461 637 aliquem

176 650 317 692 releyare.
407 663 522 683 meu
541 662 580 683 ne
603 651 716 683 Graeci
738 652 857 683 seirent.

265 713 318 745 51.
355 722 523 745 THREICIO
551 722 636 745 REGI
670 713 762 745 auxit
794 722 844 745 ex·
861 714 1029 754 provincia
1060 713 1296 754 crudelitatem,
1330 723 1368 744 ex
1398 723 1461 753 qua

176 767 308 799 fuerunt
331 766 519 808 Diomedes,
543 767 598 807 qui
620 777 710 807 equos
732 767 868 808 habebat,
891 768 946 807 qui
967 767 1115 798 humanis
1138 766 1283 798 carnibus
1305 766 1460 797 vesceban-

159 817 244 858 *tur,·
268 820 438 862 Lycurgus
462 821 497 852 ob
520 821 674 852 iniuriam
697 821 804 852 Liberi
821 822 926 861 patris
943 821 1091 862 punitus;
1122 820 1256 860 Tereus,
1279 820 1333 860 qui
1355 819 1461 850 Philo-

175 874 272 906 melae
294 874 395 906 sorori
417 875 523 906 uxoris
540 877 613 914 post
634 875 769 906 inlatum
787 877 930 914 stuprum
950 875 1090 915 linquam
1109 874 1245 905 abscidit.
1284 872 1460 904 ‘Threicio’

178 931 287 959 autem
315 939 373 969 pro
398 928 548 968 Thracio,
577 930 613 958 ut
641 939 738 969 supra
762 928 798 968 <I
823 928 908 968 316>
936 939 995 969 pro
1020 927 1159 958 Thracia
1183 926 1351 958 Threissa:
1385 937 1460 957 nam

180 981 300 1012 solutio
325 983 376 1012 est
394 980 522 1012 Ionicae
546 980 684 1022 linguae.
719 992 790 1012 cum
815 981 900 1012 enim
921 982 964 1013 sit
982 980 1082 1023 Θρᾷξ,
1105 980 1199 1012 Iones
1220 980 1330 1011 dieunt
1349 978 1461 1021 Θρήιξ,

180 1034 270 1066 euius
295 1034 414 1066 solutio
439 1034 518 1066 facit
541 1033 709 1065 Threicius
733 1037 766 1066 et
789 1034 950 1066 Threissa.

267 1097 317 1128 52.
356 1105 521 1134 CINGIQVE
552 1105 671 1127 VRBEM
695 1104 883 1128 OBSIDIONE
908 1105 1062 1127 VIDERET
1090 1096 1176 1127 inter
1203 1095 1276 1136 ipsa
1303 1091 1462 1136 principia

177 1149 371 1192 obsidionis3
395 1161 471 1181 nam
495 1150 610 1191 postea
633 1149 699 1180 iam
723 1149 1015 1190 minime'poterat.

266 1212 318 1244 53.
364 1226 434 1245 ILLE
468 1225 504 1244 VT
535 1224 604 1244 OPES
634 1224 767 1244 FRACTAE
795 1225 833 1243 ET
861 1225 993 1244 FORTVNA
1023 1224 1160 1244 RECESSIT
1194 1211 1264 1243 bene
1299 1213 1461 1251 utrumque

177 1266 296 1314 iunoeit;
329 1276 418 1308 saepe
445 1266 527 1297 enim
554 1266 686 1297 alterum
713 1265 779 1296 sine
806 1265 902 1296 altero
925 1265 1020 1296 valet:
1052 1267 1109 1296 aut
1131 1275 1211 1305 opes,
1241 1267 1298 1296 aut
1322 1264 1460 1304 fortuna.

178 1318 241 1351 ‘ille
264 1318 310 1351 ut'
333 1320 379 1351 vel
403 1318 602 1360 ‘postquam'‚·
626 1319 672 1350 vel
696 1321 816 1350 tantum
840 1319 921 1359 quod
942 1319 1022 1350 deest
1044 1318 1182 1358 ‘statim’‚
1205 1321 1240 1350 ut
1257 1319 1299 1350 sit
1317 1317 1381 1349 ‘ille
1398 1320 1459 1349 sta-

178 1373 233 1404 tim
256 1372 312 1405 ut'.
403 1381 568 1405 FORTVNA
591 1372 708 1403 melior
732 1372 866 1404 scilieet.

266 1435 318 1467 54.
355 1444 420 1466 RES
445 1443 723 1467 AGAMEMNONIAS
753 1435 785 1466 id
815 1438 865 1466 est
887 1435 1075 1476 imperium,
1103 1435 1148 1466 vel
1166 1437 1272 1475 partes
1295 1435 1461 1475 Ayamem-

175 1489 274 1520 nonis.
366 1496 544 1520 VICTRIOEA
575 1488 684 1519 omnia
713 1488 847 1519 nomina
876 1499 895 1519 a
919 1488 1016 1519 verbo
1042 1487 1204 1519 venientia
1232 1498 1304 1519 eum
1334 1488 1368 1518 in
1392 1486 1459 1518 ‘or'

177 1543 309 1582 exeunt⁷
332 1541 512 1573 masculina
536 1543 625 1582 sunt,
649 1543 686 1572 ut
709 1541 825 1582 vietor3
850 1552 921 1572 cum
946 1541 979 1572 in
1005 1540 1111 1582 ‘trix’‚
1135 1541 1291 1572 feminina
1315 1542 1400 1581 sunt,
1423 1542 1460 1571 ut

177 1594 305 1636 victrix3
337 1596 454 1626 neutra
486 1605 562 1626 vero
592 1605 660 1626 non
689 1594 826 1633 faciunt,
856 1594 921 1625 nisi
949 1596 1076 1626 tantum
1105 1605 1143 1625 ex
1172 1604 1305 1625 numero
1330 1593 1461 1634 plurali:

180 1648 263 1680 unde
287 1650 338 1680 est
361 1648 516 1680 victricia.

255 1756 268 1779 1
288 1753 481 1788 polimaestori
496 1754 526 1779 F
538 1755 547 1787 ss
562 1757 577 1780 6
597 1753 711 1780 aferesis
726 1753 786 1779 FL
813 1753 917 1779 afferes.
938 1752 962 1778 is
978 1753 1011 1778 H
1036 1752 1156 1779 afferesis
1173 1753 1210 1778 M
1221 1753 1231 1786 ΙΙ
1246 1756 1260 1778 7
1281 1752 1339 1778 siue
1358 1752 1461 1779 dixeris

181 1789 391 1816 commendarat
420 1789 479 1815 siue
503 1789 687 1815 amaendarat
706 1789 735 1814 F
765 1797 821 1822 qua
845 1788 948 1814 dixerit
972 1788 1183 1814 commendarat
1199 1789 1234 1822 sss
1250 1788 1413 1814 emendarat
1436 1788 1461 1813 L

178 1826 246 1858 (qua
264 1827 288 1851 et
307 1825 330 1851 it
347 1826 379 1851 in
397 1827 465 1857 ras’.)
484 1825 565 1858 quasi
584 1824 687 1850 dixerit
706 1824 916 1850 commendarat
935 1832 970 1850 an
986 1824 1149 1850 emendarat
1164 1824 1173 1849 l
1192 1824 1271 1856 (idem
1286 1831 1367 1856 super
1381 1822 1461 1856 quasi

176 1861 287 1894 scripsit
308 1862 338 1887 at
357 1860 426 1891 siue)
447 1861 506 1887 siue
525 1860 627 1886 dixeris
646 1860 858 1886 commendarat
872 1859 906 1885 H
925 1859 1005 1891 quasi
1025 1859 1127 1885 dixerit
1147 1858 1355 1885 commendarat
1371 1858 1441 1884 ME
1453 1859 1462 1893 Η

180 1898 213 1921 10
236 1904 318 1929 super
337 1896 467 1922 Threicio
493 1896 553 1930 regi
577 1897 641 1922 llaec
664 1896 769 1929 scripta
791 1898 857 1921 sunt
876 1895 907 1921 in
929 1895 954 1920 T
975 1894 1003 1920 id
1023 1896 1065 1921 est
1083 1894 1259 1928 polimestori
1278 1894 1338 1928 regi
1357 1893 1462 1920 traciae

179 1931 227 1964 qui
252 1931 375 1958 habebat
399 1931 486 1958 filiam
511 1931 613 1965 priami
631 1939 754 1957 uxorem.
787 1931 980 1957 transmiserat
998 1929 1023 1956 ei
1042 1930 1165 1964 priamus
1184 1929 1272 1961 filium
1293 1938 1373 1955 suum
1391 1929 1461 1963 poli—

179 1967 277 1993 dorum
297 1975 359 1993 eum
378 1975 481 2001 magno
501 1967 624 2001 pondere
644 1967 704 1993 auri
724 1975 786 1992 eum
806 1966 861 1992 iam
881 1966 1044 1999 desperaret
1062 1966 1096 1992 de
1116 1965 1240 1992 ciuitate.
1265 1966 1273 1998 ΙΙ
1299 1968 1329 1991 11
1351 1965 1462 1991 fuerant

179 2002 205 2027 L
218 2003 228 2035 ΙΙ
242 2002 348 2029 diomes
368 2002 398 2028 F
415 2003 566 2036 dyomedes
587 2003 620 2028 M
636 2003 645 2036 ss
662 2005 692 2028 12
713 2002 839 2036 ligurgus
854 2001 888 2035 L,
909 2010 958 2028 om.
974 2001 1006 2027 H
1018 2002 1027 2035 ΙΙ
1041 2001 1145 2027 Tereus
1161 2009 1210 2028 om.
1226 2001 1257 2027 H
1270 2002 1279 2035 ΙΙ
1295 2003 1326 2027 13
1342 2000 1462 2027 obscidit

1407 2051 1418 2065 8

179 2072 215 2104 F,
241 2073 358 2100 correxit
377 2073 481 2100 Daniel
499 2073 508 2107 11
528 2076 561 2099 14
580 2074 612 2099 ut
631 2081 716 2106 supra
735 2094 740 2098 .
763 2093 767 2098 .
789 2094 794 2098 .
814 2072 860 2098 vel
879 2072 1010 2098 Threissa
1028 2081 1077 2098 om.
1097 2072 1127 2098 F
1143 2073 1153 2106 ΙΙ
1173 2080 1223 2106 pro
1242 2071 1344 2098 traieia
1362 2071 1463 2098 traissa

179 2107 204 2133 L
233 2117 282 2141 pro
301 2108 409 2135 thracia
427 2109 566 2135 thraeissa
585 2109 615 2134 E
627 2109 636 2142 Η
653 2111 683 2134 15
705 2108 741 2135 sit
760 2116 809 2134 om.
832 2108 886 2134 Me
899 2108 908 2142 {l
924 2116 999 2134 oram
1016 2108 1039 2133 L
1058 2116 1135 2134 Eram
1151 2108 1184 2133 H
1202 2117 1259 2134 omz
1276 2108 1311 2133 M
1331 2116 1396 2134 araz
1411 2107 1441 2132 Ε
1454 2107 1462 2138 l,

180 2143 254 2169 ionie
273 2144 298 2169 L
316 2144 404 2176 (iones
423 2145 441 2177 l)
462 2145 471 2178 ΙΙ
492 2154 570 2170 eruic
589 2144 665 2176 LM,
685 2152 735 2170 om.
756 2144 793 2176 H,
815 2153 892 2175 err-uz
909 2143 939 2169 E
951 2144 960 2177 ss
980 2146 1012 2169 16
1033 2144 1062 2169 et
1080 2143 1116 2169 F.
1136 2143 1286 2170 Schoellius
1305 2143 1351 2168 uel
1371 2143 1436 2168 libri
1454 2142 1462 2176 Η

182 2181 214 2204 18
234 2178 360 2214 minime]
380 2181 410 2206 31
427 2188 603 2213 nequaquam
622 2188 754 2213 superser.
775 2188 787 2205 e
810 2180 819 2213 u
841 2180 973 2212 potuerat
991 2179 1035 2205 El
1053 2179 1062 2212 ΙΙ
1083 2182 1114 2205 19
1134 2188 1158 2205 v.
1178 2181 1211 2205 53
1231 2187 1319 2212 supra
1337 2179 1369 2204 ut
1387 2179 1418 2204 in
1440 2178 1464 2203 Τ

179 2214 311 2247 scriptum
329 2216 486 2249 postquam.
513 2216 571 2242 alia
589 2223 688 2242 manus
706 2216 770 2241 haee
789 2215 899 2241 addidit
918 2214 988 2240 bene
1008 2214 1080 2240 dixit
1097 2215 1247 2247 utrumque
1262 2214 1328 2247 quia
1343 2214 1462 2239 alterum

180 2249 239 2276 sine
258 2250 348 2276 altero
366 2252 460 2284 potest
479 2259 538 2277 esse
558 2252 586 2277 et
605 2259 672 2285 opes
692 2251 750 2276 sine
770 2250 882 2276 fortuna
902 2251 930 2276 et
948 2249 1061 2276 fortuna
1080 2249 1138 2276 sine
1158 2250 1258 2284 opibus
1272 2251 1281 2283 ΙΙ
1301 2252 1334 2275 20
1354 2248 1462 2274 iuncxit

180 2284 210 2310 F
237 2284 364 2312 innexuit
382 2286 484 2312 Daniel
507 2287 516 2319 ΙΙ
539 2289 572 2312 23
597 2287 650 2312 hoc
674 2288 716 2312 est
739 2286 888 2319 imperium
911 2285 957 2311 vel
980 2287 1074 2318 partes
1098 2285 1308 2319 agamemnonis
1328 2285 1388 2311 hab.
1412 2284 1437 2310 T
1453 2286 1461 2318 ῃ

180 2323 214 2346 24
233 2330 358 2347 vic-roam
376 2321 410 2347 H
425 2322 435 2355 ΙΙ
457 2324 490 2348 25
510 2322 576 2348 sunt
592 2324 653 2355 post
671 2321 806 2347 feminina
825 2329 873 2348 om.
895 2321 963 2347 LM
980 2321 990 2354 ΙΙ
1008 2324 1041 2347 27
1062 2321 1200 2356 victricia]
1220 2320 1338 2347 uictoria
1357 2320 1391 2351 L,
1410 2327 1460 2347 om.

180 2356 217 2382 H.
246 2355 373 2383 victricia
390 2365 469 2383 arma
486 2358 566 2391 vulgo

1482 719 1514 742 10

1482 985 1514 1008 15

1479 1270 1512 1292 20

1479 1546 1512 1569 25
