1630 2684
421 161 535 189 COMM.
554 161 594 188 IN
612 161 721 189 VERG.
742 162 825 188 AEN.
846 163 865 189 Ι.
886 166 1035 191 320-329.
1305 164 1367 195 117

86 245 217 285 straret,
248 244 432 284 susceptum
455 242 614 284 hospitio,
641 244 678 274 ut
701 242 735 274 in
759 254 792 275 se
817 243 922 285 gloria
945 245 1038 276 tanta
1061 245 1230 287 migraret,
1259 246 1368 278 interi-

87 307 174 328 mere
195 297 359 339 cogitavit.
396 296 438 327 ob
463 307 561 338 quam
586 307 653 327 rem
677 296 762 328 irata
781 295 878 328 Ceres
899 308 972 328 eum
992 298 1151 330 convertit
1175 299 1208 330 in
1231 298 1368 341 lyncem,

86 350 194 382 feram'
217 350 299 382 varii
325 349 457 390 coloris,
485 350 523 381 ut
549 349 620 390 ipse
643 349 753 381 variae
778 349 895 381 mentis
920 350 1081 383 extiterat.
1127 354 1159 383 et
1183 352 1245 384 erit
1268 352 1368 384 nomi-

86 403 215 435 nativus
247 402 327 434 haec
358 402 448 444 lynx,
480 403 518 434 ut
547 401 618 434 Pan
648 401 745 444 Tros,
778 414 859 444 quae
892 403 925 434 in
959 403 1109 445 genetivo
1143 416 1207 436 una
1241 405 1368 447 syllaba

87 457 243 489 crescunt.
1387 465 1402 489 5

174 509 248 542 324.
284 522 449 542 srrmnms
478 510 512 541 id
542 512 585 541 est
615 510 765 550 spumosi,
790 510 996 550 particapium
1029 510 1090 543 loco
1122 511 1258 542 nominis
1284 511 1368 551 posi-

85 565 159 596 tum.
249 571 388 595 CVRSVM
417 571 581 595 CLAMORE
613 572 830 594 PREMENTEM
862 563 1053 606 plerumque
1084 563 1147 596 duo
1178 564 1306 596 diversa
1336 564 1369 595 in

83 627 184 648 unum
208 616 330 648 exitum
355 616 488 658 cadunt,
512 615 590 647 licet
614 616 776 647 contraria
800 616 997 659 significent,
1022 619 1058 650 ut
1080 618 1142 650 hoc
1161 618 1240 649 loco.
1278 616 1367 649 ‘vidi-

83 668 158 702 stis'
182 669 266 701 enim
291 669 390 701 etiam
413 669 453 701 ad
478 680 588 701 vocem
611 669 766 711 pertinet,
790 669 875 711 quod
900 670 999 702 etiam
1024 682 1062 702 ex
1088 670 1215 702 Aeneae
1239 681 1368 712 respon-

83 722 173 755 sione
205 722 379 764 colligitur.
471 735 651 755 PREMENTEM
680 723 896 764 insequentem,
926 725 961 755 ut
991 724 1053 764 ipse
1080 723 1157 755 alibi
1186 724 1368 765 inqentem
1389 732 1421 756 10

86 776 243 808 clamore
259 787 404 817 premes
426 777 473 808 acl
494 777 589 808 retia
613 786 763 808 cervum.
1319 817 1324 821 Ι

175 829 249 862 325.
287 838 395 862 ORSVS
419 840 504 861 nunc
528 829 648 871 coepit,
672 829 754 861 alias
778 829 876 871 finiit,
908 831 944 861 ut
969 830 1024 861 sic
1046 830 1224 872 Iuppiter
1248 841 1367 862 orsus.

86 882 141 916 sed
170 882 238 915 illic
264 883 395 925 proprie
423 883 545 925 posuit,
574 883 628 914 hic
657 885 848 924 usurpatum
877 886 939 925 est3
972 884 1185 926 praeteritum
1209 883 1294 916 enim
1319 886 1369 916 est

85 934 306 978 participium.

175 990 249 1022 326.
286 999 419 1022 AVDITA
449 999 562 1028 NEQVE
594 998 670 1022 VISA
704 989 780 1021 hinc
812 990 970 1031 probatur
1003 990 1078 1032 quia
1109 990 1256 1032 superius
1289 990 1369 1023 haec
1390 999 1421 1022 15

86 1043 344 1086 interrogaverat
362 1043 483 1075 Venus.
520 1054 594 1075 sane
613 1044 739 1084 quidam
759 1042 890 1075 ‘audita'
911 1044 954 1075 ad
970 1044 1051 1075 illud
1067 1054 1246 1084 responsum
1265 1045 1371 1076 volunt

87 1096 229 1130 ‘clamore
240 1096 456 1138 prementem';
482 1096 546 1140 (nt)
566 1098 609 1129 ad
627 1097 758 1129 ‘vidistis
776 1098 805 1129 si
822 1097 928 1138 quam'
953 1096 1057 1137 ‘neque
1075 1097 1154 1129 visa’
1175 1099 1368 1138 responderit.

176 1151 249 1183 327.
288 1159 309 1183 O
329 1159 426 1190 QVAM
446 1160 489 1183 TE
514 1162 596 1192 quae
620 1151 680 1182 dea
700 1151 743 1182 sit
762 1150 904 1192 dubitat,
927 1161 1002 1182 nam
1021 1151 1114 1182 deam
1134 1162 1204 1182 esse
1229 1151 1369 1184 confidit.

85 1215 155 1246 erqo
176 1204 226 1236 hic
248 1214 265 1236 o
288 1204 471 1246 dubitativa,
495 1204 577 1236 alias
600 1204 743 1244 optativa.
767 1204 887 1243 adme,
911 1215 928 1236 0
954 1204 1119 1246 Teyeaee,
1141 1205 1279 1244 favens.

175 1258 249 1290 328.
286 1266 356 1289 vox
376 1266 539 1290 nonnum
560 1266 673 1289 SONAT
698 1253 822 1289 Graeca
844 1257 950 1299 figura
973 1260 1030 1289 est.
1123 1266 1144 1289 o
1164 1267 1235 1289 ΒΕΑ
1255 1266 1368 1290 cumn
1388 1266 1421 1290 20

85 1311 135 1343 hic
157 1322 174 1343 ο
197 1311 458 1353 distinquendum,
489 1314 524 1343 ut
540 1314 613 1352 post
635 1311 752 1351 inferat
775 1310 846 1342 ‘dea
869 1310 961 1343 certe'
985 1312 1172 1352 confirmans
1195 1312 1368 1352 opinionem

85 1375 184 1397 suam.
236 1367 265 1396 et
296 1364 458 1396 conclusio
492 1367 542 1396 est
575 1364 775 1406 syllogismi,
813 1364 867 1406 qui
901 1366 1029 1396 constat
1063 1375 1100 1396 ex
1137 1365 1369 1407 propositione,

86 1418 329 1460 adsumptione,
362 1418 576 1450 conclusione.
626 1430 701 1450 nam
736 1418 764 1450 si
797 1428 856 1449 nec
888 1429 950 1450 vox
982 1428 1040 1449 nec
1072 1418 1181 1450 vultus
1214 1419 1368 1450 mortales

87 1473 179 1513 sunt,
202 1473 303 1503 restat
326 1473 363 1502 ut
388 1471 448 1502 dea
471 1471 523 1502 sit.

175 1525 249 1556 329.
286 1533 333 1556 AN
353 1533 481 1556 ΡΗΟΕΒΙ
501 1533 613 1556 SOROR
637 1524 760 1566 Diana3
784 1535 859 1571 nam
883 1524 1030 1556 venatrix
1055 1526 1112 1557 est.
1154 1525 1235 1557 bene
1259 1527 1368 1557 autem
1387 1533 1421 1556 25

0 1572 2 1574 ’
40 1579 42 1583 ”
87 1578 269 1620 suspicatur
291 1589 351 1619 pro
375 1578 446 1609 loco
472 1579 504 1609 et
528 1577 686 1619 qualitate
715 1577 846 1609 habitus
877 1589 1106 1619 personaeque.
1146 1579 1246 1619 perite
1267 1581 1368 1610 antem

79 1634 172 1673 poeta
194 1632 318 1664 dicendo
343 1631 402 1663 ‘an
425 1631 540 1663 Phoebe·
561 1630 664 1663 soror'
688 1632 806 1663 videtur
833 1632 869 1663 dc
895 1632 1018 1663 nomine
1042 1632 1199 1672 Apollinis
1221 1632 1368 1664 dubitare.

86 1688 204 1718 constat
235 1686 318 1717 enim
349 1685 431 1717 hunc
462 1686 551 1717 deum
584 1696 604 1716 a
632 1685 759 1717 diversis
788 1686 928 1726 yentibus
959 1686 1005 1717 vol
1037 1685 1210 1717 civitatzbus
1241 1686 1369 1718 diversis

86 1739 263 1771 nominibus
285 1739 437 1779 appellari
459 1739 625 1770 secundum
650 1749 763 1780 yenera
790 1739 1015 1779 beneficiorum,
1043 1749 1120 1779 quae
1147 1739 1234 1770 vario
1257 1740 1368 1770 divini-

86 1793 159 1824 tatis
178 1802 285 1833 yenere
301 1794 464 1832 praesta-re
486 1792 646 1824 consuevit.
684 1792 733 1823 cui
756 1792 809 1823 cleo
831 1792 961 1832 sayittas
983 1792 1073 1823 datas
1096 1791 1213 1830 volunt,
1237 1792 1312 1831 quia
1334 1794 1369 1823 ut
1387 1799 1421 1823 30

158 1882 191 1907 10
214 1879 408 1913 insequentem
433 1901 438 1907 .
460 1900 465 1906 .
487 1900 492 1906 .
518 1879 642 1913 cervum]
667 1879 745 1905 Luct
765 1878 841 1905 Plac.
861 1878 896 1905 ad
917 1878 986 1905 Stat
1007 1878 1094 1904 Theb.
1116 1878 1151 1904 IV
1171 1881 1222 1904 323
1244 1879 1253 1912 ss
1278 1882 1309 1904 12
1329 1878 1368 1905 sic

88 1915 225 1950 Iuppiter]
248 1916 280 1942 A.
302 1915 353 1941 XII
372 1918 424 1941 806
447 1915 456 1948 ΙΙ
481 1917 513 1941 19
534 1923 549 1941 ο
569 1914 726 1941 dubitativa
745 1923 768 1941 e.
789 1923 816 1948 q.
835 1914 868 1948 s.]
893 1914 925 1940 cf.
946 1913 1015 1940 Don.
1036 1914 1072 1940 ad
1091 1914 1152 1941 T.er
1172 1913 1216 1940 ad.
1236 1913 1261 1940 V
1281 1918 1305 1947 6,
1324 1917 1340 1939 3
1365 1915 1367 1948 1

86 1951 175 1986 adsis]
195 1959 289 1985 georg
310 1951 322 1976 Ι
343 1953 375 1977 18
398 1951 408 1984 11
431 1952 464 1976 28
485 1951 646 1977 constat..
666 1971 672 1976 .
692 1949 841 1984 appellari]
862 1949 896 1975 cf.
916 1949 1056 1983 mythogr
1076 1949 1102 1975 II
1122 1952 1154 1975 19

193 2031 283 2065 gloria
306 2030 398 2065 tanta]
425 2029 533 2056 inuenti
555 2029 690 2056 frumenti
713 2029 851 2064 gloriator
871 2029 893 2056 0
918 2028 1026 2055 inuenti
1048 2029 1182 2055 frumenti
1205 2029 1295 2064 gloria
1316 2030 1343 2055 P
1360 2030 1369 2064 ΙΙ

87 2069 102 2093 6
128 2034 172 2093 adl
183 2075 207 2093 v.
227 2070 281 2093 324
300 2065 474 2100 spumantis]
499 2065 528 2091 id
552 2067 595 2092 est
618 2074 742 2099 spumosa
761 2087 766 2092 .
788 2086 793 2092 .
815 2064 970 2099 ,positum
1007 2064 1196 2099 Prementem]
1223 2065 1368 2098 insequen-

31 2133 33 2135 ,
87 2102 153 2129 tem.
175 2102 224 2136 Pu
242 2102 364 2136 positum
386 2101 434 2127 02:
453 2101 574 2135 positam
594 2100 617 2127 O
628 2102 638 2135 ΙΙ
658 2104 671 2127 7
692 2111 793 2127 cvnsvn
813 2110 931 2127 emmoni-2
950 2110 1106 2126 mummium
1124 2100 1288 2140 plerumque
1309 2122 1313 2127 .
1335 2122 1339 2127 .
1362 2122 1367 2127 .

88 2137 231 2177 colligitur
249 2139 280 2164 in
298 2146 358 2163 mar
358 2145 383 2171 J
403 2137 455 2169 inf.
476 2137 540 2163 add.
562 2136 595 2163 0³
618 2137 627 2170 ΙΙ
652 2139 683 2163 12
706 2137 742 2163 ad
760 2144 784 2162 v.
804 2139 856 2162 325
877 2135 973 2170 Orsus]
997 2144 1071 2162 nunc
1090 2135 1208 2170 coepit.
1256 2158 1261 2163 .
1282 2136 1367 2176 parti-

87 2172 206 2235 ἓᾞὲιιῗέὴ.
220 2173 253 2235 li)
265 2172 444 2241 Hdiissitassss,
443 2173 452 2206 n
464 2171 698 2234 affasetugtixgticiig.)
710 2172 874 2241 ἫΙδοαρίξιᾷί
889 2174 941 2242 {gf
954 2157 1369 2241 ἓθὲαῑὲῗέῃωῖῑὲρῖυἶέενὲθῗιιῗὲ

88 2242 122 2270 0¹⁵
144 2243 154 2277 [1
178 2247 210 2270 19
229 2245 327 2278 tegeae
348 2244 371 2269 C'
392 2244 401 2277 ΙΙ
424 2247 458 2270 20
477 2244 514 2270 ad
532 2252 556 2270 v
577 2245 628 2269 328
650 2243 709 2270 Nec
730 2251 783 2270 uox
807 2242 948 2269 hominem
968 2243 1059 2277 sonat]
1084 2251 1185 2277 graeca
1209 2243 1298 2276 figura
1316 2244 1366 2268 est.

89 2278 111 2305 Ο
131 2278 184 2305 dea
201 2280 288 2314 certe]
313 2278 455 2306 conclusio
475 2279 596 2306 est..
618 2280 649 2306 ut
667 2279 719 2306 dea
739 2279 783 2307 sit.
803 2278 854 2313 Pu
877 2281 910 2304 22
930 2280 973 2305 est
991 2278 1135 2305 conclusio
1156 2278 1178 2304 Ο
1194 2279 1203 2312 ΙΙ
1227 2277 1367 2312 praeposi-

89 2313 166 2341 tione
180 2314 212 2340 K
222 2315 232 2349 ΙΙ
246 2318 279 2341 23
299 2314 393 2341 uultus
412 2314 537 2341 mortalis
557 2300 601 2341 est
614 2315 682 2341 ΒΜ
709 2315 803 2341 uultus
823 2315 888 2340 sunt
906 2314 1038 2341 mortales
1053 2314 1117 2340 sunt
1132 2314 1155 2340 G
1171 2313 1276 2347 (uultus
1296 2322 1367 2339 mor-

91 2349 155 2376 talis
175 2351 217 2376 est
237 2350 281 2384 0²³)
308 2351 318 2384 ΙῙ
345 2353 378 2376 25
398 2350 435 2377 ad
453 2358 476 2376 v
497 2353 548 2377 329
573 2352 616 2377 An
639 2350 747 2377 Phoebi
770 2350 859 2385 soror]
884 2350 974 2376 Diana
998 2358 1069 2383 quae
1093 2351 1136 2376 est
1158 2348 1292 2376 uenatrix.
1315 2348 1342 2374 P
1359 2350 1367 2383 ,l

90 2383 201 2411 dianam
220 2385 285 2419 quia
305 2385 328 2412 C
354 2385 450 2420 (diana
468 2394 533 2412 nam
554 2386 597 2420 0³)
