1630 2684
436 144 549 171 COMM.
570 144 609 171 IN
628 144 735 172 VERG.
757 145 840 171 AEN.
862 146 881 171 Ι.
901 149 1050 173 252—257.
1339 149 1381 179 95

99 235 173 266 yens
196 225 329 257 Iunonis
351 225 434 257 dolos
456 225 573 265 oblique
596 226 737 257 accusari
759 237 780 257 a
809 226 933 267 Venere,
956 230 991 258 ut
1013 230 1056 259 est
1079 227 1172 268 ‘quae
1195 231 1234 270 te,
1254 230 1381 271 yenitor,

101 279 251 310 sententia
272 277 374 310 vertit'
398 280 426 309 et
449 277 559 310 ‘unius
581 279 616 310 ob
639 279 722 310 iram
740 279 929 320 prodimur',
956 281 1035 311 sicut
1057 281 1134 312 alibi
1156 284 1264 322 atque
1286 283 1382 314 dolis

100 332 191 363 risit
213 330 388 372 Cytherea
409 332 578 370 repertis.

190 384 263 416 255.
312 396 407 416 ννινν
426 397 481 419 Qvo
503 398 619 416 carim
644 386 774 417 ostendit
800 386 879 417 sieut
906 387 1020 418 dietum
1048 390 1104 426 est,
1136 398 1190 419 eur
1221 389 1381 420 subriserit

99 437 249 479 Iuppiter.
338 445 496 469 SERENAT
527 438 588 470 hoc
616 439 749 470 verbum
778 439 815 471 de
849 439 899 471 his
928 443 991 481 est,
1024 451 1106 482 quae
1139 444 1248 472 carent
1276 443 1381 482 prima

98 490 277 532 positione:
308 491 394 532 quod
421 491 459 522 fit
487 492 520 523 in
548 492 598 523 his
628 503 709 534 quae
738 493 772 523 in
800 495 914 524 nostra
941 504 1006 524 non
1035 496 1110 525 sunt
1137 496 1312 536 potestate,
1345 498 1380 526 ut

97 546 189 585 tono,
219 543 369 585 fulmino‚
402 545 487 585 pluo.
533 545 613 577 haec
642 546 727 577 enim
756 557 821 577 non
848 557 1020 587 possumus
1050 547 1167 587 dicere,
1199 547 1262 579 nisi
1295 547 1379 579 forte

98 608 236 638 persons.
259 597 431 629 inducatur
455 598 523 630 eius
548 599 603 640 qui
626 600 748 640 potest,
771 601 808 630 ut
831 600 858 630 si
882 600 948 631 tale
972 600 1095 641 aliquid
1115 600 1260 641 Iuppiter
1284 600 1378 633 dicat.

186 651 260 682 256.
303 659 436 682 OSCVLA
469 660 610 684 LIBAVIT
647 652 762 683 leviter
795 652 914 693 tetigit.
971 655 1004 683 et
1036 653 1199 685 sciendum
1233 654 1378 686 osculum

96 703 265 745 religionis
290 715 373 745 esse,
398 705 522 736 savium
546 705 738 746 voluptatis,
761 706 901 745 quamvis
919 706 1045 745 quidam
1060 706 1195 738 osculum
1209 707 1285 747 filiis
1298 708 1378 748 dari,

94 757 186 789 uxori
213 757 347 798 basium,
379 760 475 789 scorto
502 758 622 789 savium
649 759 762 790 dicant.
807 768 881 790 sane
908 759 999 790 multi
1026 759 1137 790 nolunt
1164 760 1209 791 ita
1236 760 1378 800 intellegi,

93 813 130 842 ut
154 820 310 842 summum
338 811 474 842 osculum
501 811 586 852 filiae
612 812 740 852 dederit,
772 813 806 843 id
834 814 877 843 est
903 822 966 843 non
989 822 1146 852 pressum,
1178 814 1231 844 sed
1256 823 1379 845 summa

95 863 205 896 labella
232 865 420 905 eontinyens,
451 865 505 897 sed
530 866 576 897 ita
604 866 715 897 aiunt:
749 868 813 896 tum
841 865 962 896 hilarus
989 865 1131 906 Iuppiter
1158 866 1261 898 vultus
1287 869 1379 898 natae

95 917 214 959 libavit,
236 918 272 950 id
289 921 332 950 est
349 919 487 959 contiqit,
510 919 623 950 seilicet
640 921 675 950 ut
693 929 749 950 nos
771 919 901 950 solemus
923 929 992 950 eum
1016 919 1232 951 blandimentis
1254 920 1377 959 quibus-

93 971 166 1002 dam
188 971 350 1003 sinistram
373 972 537 1003 maxillam
561 972 730 1012 eontinyere
754 972 916 1003 liberorum
938 982 974 1003 ae
992 972 1098 1003 deinde
1117 973 1159 1003 ad
1180 983 1212 1004 os
1235 976 1376 1004 nostrum

92 1024 233 1056 dextram
259 1025 381 1064 referre.
426 1036 494 1066 erqo
519 1025 656 1057 ‘libavit'
681 1026 802 1063 merito,
830 1026 904 1065 quia
928 1027 1050 1064 partem
1073 1026 1186 1066 vultus,
1215 1036 1277 1057 non
1302 1029 1377 1058 totos

93 1078 272 1119 eontiyerat,
298 1081 335 1110 ut
361 1077 496 1110 ‘oscula'
525 1080 639 1111 dixerit
660 1079 750 1119 quasi
773 1079 896 1110 minora
919 1081 947 1109 et
970 1079 1120 1110 teneriora
1142 1079 1226 1118 filiae
1249 1090 1320 1118 ora,
1342 1082 1378 1111 ut

93 1141 149 1162 ora
171 1132 353 1163 diminutive
376 1133 495 1170 oscula‚·
519 1143 595 1164 nam
613 1143 669 1164 ora
687 1132 789 1164 vultus
807 1132 881 1172 diei,
904 1134 939 1162 ut
961 1132 1170 1172 intentique
1193 1143 1257 1163 ora
1281 1135 1374 1164 tene-

92 1185 180 1217 bant
201 1188 230 1217 et
250 1186 304 1217 sie
326 1196 392 1217 ora
412 1186 563 1225 ferebat.
600 1187 664 1226 ipse
682 1186 864 1217 diminutive
882 1185 985 1216 oscula
1003 1185 1083 1216 dixit
1100 1185 1233 1217 minores
1251 1188 1280 1217 et
1298 1188 1374 1218 tene-

91 1248 143 1270 ros
164 1239 267 1271 vulucs
288 1250 502 1280 summaque
519 1250 587 1280 per
607 1240 754 1280 ¹qaleam
777 1239 945 1270 delibans
969 1239 1092 1269 oscula
1112 1239 1227 1278 fatur.

180 1292 255 1324 257.
292 1302 402 1325 PARCE
426 1302 521 1324 METV
545 1292 696 1334 quotiens
721 1293 755 1324 in
778 1292 883 1323 causis
909 1291 1087 1333 arguimur,
1119 1294 1194 1323 ante
1217 1303 1276 1323 nos
1300 1303 1374 1333 pur-

91 1354 170 1386 gare
198 1345 350 1378 debemus
380 1349 413 1378 et
441 1347 487 1379 sic
518 1346 558 1377 ad
594 1346 755 1378 actionem
787 1345 992 1377 descendere:
1026 1345 1111 1386 quod
1144 1346 1177 1376 et
1209 1345 1270 1376 hoc
1302 1345 1373 1377 loco

90 1397 238 1440 Iuppiter
261 1399 353 1440 facit,
382 1401 458 1431 ante
482 1400 568 1430 enim
592 1400 720 1431 obiecta
743 1400 862 1440 purgat
886 1400 919 1429 et
943 1398 989 1429 sic
1012 1397 1101 1429 venit
1125 1398 1164 1429 ad
1187 1398 1374 1438 promissio-

90 1462 173 1483 nem.
220 1455 253 1484 et
281 1457 330 1484 est
355 1452 466 1494 ‘parce
490 1452 595 1484 metu'
623 1453 764 1484 elocutio
793 1452 928 1492 usualis,
959 1451 992 1482 id
1016 1453 1066 1482 est
1091 1451 1219 1482 dimitte
1242 1453 1373 1493 metum,

91 1505 251 1546 quomodo
276 1505 411 1537 dicimus
435 1517 531 1547 parce
550 1506 672 1547 verbis,
696 1516 791 1546 parce
811 1505 947 1536 iniuriis.
989 1504 1047 1535 alii
1070 1504 1182 1535 ‘metu'
1201 1515 1261 1545 pro
1279 1505 1373 1536 metui

89 1559 259 1600 accipiunt,
281 1560 452 1591 ablativum
469 1570 530 1599 pro
548 1560 667 1596 dativo;
691 1561 747 1590 aut
769 1561 844 1590 certe
862 1558 928 1589 ideo
947 1560 1060 1589 metum
1077 1558 1193 1598 aufert,
1215 1561 1250 1589 ut
1267 1559 1372 1589 animo

89 1612 239 1643 securiore
257 1613 356 1653 possit
377 1613 499 1651 audire,
527 1615 562 1644 ut
583 1612 660 1643 alibi
687 1612 818 1643 solvite
840 1611 944 1642 eorde
971 1613 1114 1651 metum,
1145 1611 1283 1642 Teucri.

90 1673 274 1697 CYTHEREA
303 1666 411 1697 omnia
439 1677 520 1707 quae
549 1665 634 1707 apud
659 1664 798 1696 Graecos
822 1675 851 1695 ει
879 1664 1107 1705 diphthongon
1136 1663 1258 1695 habent
1287 1664 1370 1705 apud

89 1717 224 1750 Latinos
243 1719 276 1750 in
292 1730 309 1750 e
323 1719 517 1760 productum
536 1720 781 1759 convertuntur,
805 1719 842 1749 ut
856 1717 1027 1758 Κυθέρεια
1042 1716 1216 1758 Cytherea,
1236 1717 1372 1754 Αἰνείας

89 1771 230 1812 Aeneas,
254 1770 390 1813 Μήδεια
414 1772 537 1804 Medea.
579 1772 688 1804 omnia
713 1773 821 1803 autem
845 1781 927 1812 quae
951 1770 1031 1801 dicit
1051 1770 1198 1811 Iuppiter
1222 1770 1261 1801 ad
1285 1770 1370 1801 solu-

157 1862 172 1885 2
192 1860 289 1894 atque]
310 1860 341 1886 A.
359 1860 397 1886 IV
414 1863 463 1886 128
483 1861 492 1893 ΙΙ
511 1863 526 1885 9
547 1860 576 1885 et
595 1859 738 1885 sciendum
757 1866 780 1885 e.
796 1867 821 1891 q.
838 1858 871 1891 s.]
893 1857 926 1883 cf.
947 1857 1015 1883 Don.
1036 1857 1071 1883 ad
1091 1857 1153 1883 Ter.
1173 1865 1232 1883 eun.
1250 1857 1290 1882 III
1306 1860 1328 1890 1,
1345 1860 1368 1883 3.

89 1893 152 1921 Isid.
173 1894 230 1922 diff.
251 1896 325 1922 verb.
342 1898 393 1922 398
407 1896 417 1929 ΙΙ
433 1899 464 1922 18
484 1895 652 1929 intentique]
674 1895 706 1920 A.
722 1894 747 1920 II
764 1897 775 1919 1
792 1894 801 1927 ΙΙ
818 1896 848 1919 19
869 1893 908 1919 sic
927 1892 987 1927 ora]
1007 1893 1039 1919 A.
1055 1892 1093 1918 111
1108 1895 1159 1918 490
1174 1893 1183 1925 ΙΙ
1197 1895 1230 1918 20
1251 1900 1369 1918 summa.-

90 1930 156 1965 que]
176 1931 208 1958 A.
228 1930 280 1957 ΧΠ
299 1934 351 1957 434
365 1932 374 1964 n
389 1934 421 1957 27
443 1931 556 1965 solvite]
576 1931 608 1957 A.
629 1930 640 1956 1
661 1933 711 1956 562

160 2014 174 2037 1
194 2011 272 2038 dolos
290 2012 404 2044 scripsi:
422 2011 503 2037 dolor
523 2010 546 2036 Ο
573 2009 699 2036 dolorem
718 2010 798 2042 vulyo
812 2009 821 2041 ss
840 2011 855 2034 4
875 2008 913 2035 ad
930 2016 954 2035 v.
973 2011 1024 2034 255
1044 2008 1131 2034 Vultu
1150 2008 1272 2042 serenat]
1293 2008 1369 2034 caret

88 2045 179 2080 prima.
197 2047 335 2080 positione
351 2068 357 2073 .
370 2067 392 2073 ..
409 2047 500 2072 dicere
520 2045 573 2072 nisi
592 2045 649 2072 tale
665 2045 747 2071 aliter
761 2045 793 2070 ut
809 2043 934 2078 Iuppiter
953 2043 1036 2069 dicat.
1052 2043 1079 2069 P
1089 2044 1098 2077 ΙΙ
1113 2047 1127 2070 7
1148 2043 1265 2070 fulmino
1284 2052 1333 2070 om.
1345 2043 1370 2068 P

87 2082 97 2116 ΙΙ
114 2082 192 2116 pluo]
213 2082 268 2109 fluo
289 2083 326 2108 Μ
352 2083 439 2108 uerba
458 2090 529 2115 quae
554 2081 644 2115 prima
667 2080 806 2114 positione
830 2079 927 2105 carent
945 2079 1008 2105 add.
1029 2079 1062 2104 H
1085 2080 1095 2113 11
1123 2082 1138 2105 8
1159 2078 1292 2105 induatur
1310 2078 1336 2104 B
1359 2080 1367 2110 ,ζ

89 2119 104 2143 9
123 2118 160 2144 ad
177 2126 201 2144 v.
217 2121 269 2144 256
289 2117 390 2144 Oscula
410 2117 511 2144 libauit
528 2116 622 2150 natae]
643 2116 743 2142 leuiter
762 2115 864 2149 tetigit.
885 2115 931 2148 ΡΙΙ
952 2117 983 2140 10
1003 2114 1170 2148 voluptatis,
1191 2115 1222 2140 ut
1240 2114 1309 2141 alibi
1328 2114 1368 2140 ait

88 2152 150 2185 (XII
168 2154 231 2187 434)
255 2162 418 2187 summaque
443 2161 492 2187 per
516 2152 627 2186 galeam
651 2151 778 2177 delibans
802 2150 897 2177 oscula
920 2150 949 2176 et
972 2149 1118 2176 Terentius
1142 2151 1214 2183 (eun.
1234 2150 1272 2175 111
1291 2153 1321 2182 2,
1340 2151 1367 2181 2)

88 2196 105 2214 o
119 2188 216 2221 Thais,
235 2197 327 2215 meum
343 2189 451 2215 sanium
467 2189 496 2215 D
509 2189 519 2222 ΙΙ
535 2191 564 2214 11
577 2187 704 2214 suauium
716 2186 738 2213 G
750 2188 759 2220 ΙΙ
775 2189 806 2212 17
821 2187 853 2212 ut
867 2185 927 2219 ora]
943 2186 1037 2211 malim
1052 2186 1081 2212 et
1095 2194 1144 2212 ora
1157 2186 1166 2219 Η
1180 2188 1212 2211 21
1229 2185 1266 2211 ad
1280 2194 1304 2211 v.
1315 2187 1366 2210 257

88 2222 174 2250 Parce
193 2224 282 2258 metu]
303 2224 424 2251 elocutio
443 2224 549 2250 usualis
569 2245 574 2250 .
595 2244 600 2248 .
622 2245 627 2250 .
648 2222 764 2249 iniuriis.
802 2220 950 2255 Cytherea]
977 2221 1071 2247 omnia
1091 2242 1118 2247 ..
1135 2242 1140 2247 .
1161 2221 1276 2247 Aeneas.
1308 2220 1366 2245 Ma-

87 2260 156 2285 nent
173 2259 301 2294 immota]
321 2260 387 2293 quia.
406 2282 411 2287 .
434 2280 439 2286 .
461 2281 466 2286 .
486 2259 579 2286 uertit.
608 2258 743 2292 Tuorum'}
764 2257 956 2284 Troianorum.
978 2257 1005 2282 P
1017 2258 1026 2290 n
1045 2259 1079 2282 24
1098 2256 1201 2282 demite
1222 2256 1297 2295 metu
1316 2255 1344 2280 P
1359 2261 1366 2289 ,j

89 2296 122 2320 29
140 2295 306 2329 productam
324 2296 349 2321 L
369 2297 379 2329 ΙΙ
401 2303 527 2322 urrerem
545 2294 572 2319 B
600 2302 734 2327 xveopeffl,
752 2293 783 2318 K
810 2300 940 2319 meerexa
959 2292 990 2317 H
1017 2300 1162 2318 ιςηιιενεια.
1182 2291 1218 2317 Μ
1235 2292 1244 2324 ΙΙ
1262 2298 1366 2331 aeneae

88 2329 120 2355 K
143 2339 254 2356 Anni-:ms
273 2331 299 2356 L
330 2330 438 2358 aineiae
463 2331 495 2356 Η
525 2338 636 2357 aeneiae
658 2330 694 2355 M
715 2330 724 2362 u
752 2331 786 2354 30
810 2336 907 2354 ΜεΑεια,
930 2327 1032 2353 BLM
1063 2327 1170 2354 meaeia
1188 2325 1220 2352 H
1251 2327 1366 2358 Μηὸεια

89 2364 186 2392 Medea
204 2374 254 2392 om.
275 2366 306 2392 K
326 2367 335 2400 ss
359 2366 557 2392 salutationem
578 2365 604 2390 Β

1400 449 1415 471 5

1399 714 1431 736 10

1397 979 1428 1001 15

1393 1245 1427 1268 20

1392 1510 1424 1534 25

1390 1775 1423 1798 30
