1630 2684
433 170 546 198 COMM.
568 170 607 197 IN
625 170 731 198 VERG.
752 169 835 198 AEN.
857 171 875 198 Ι.
895 174 1044 199 306—312.
1313 173 1374 204 113

91 252 175 294 fieri,
199 263 271 285 cum
290 251 486 294 praepositio
506 251 654 284 detracta
668 253 791 284 nomini
811 253 909 284 verbo
925 254 1108 296 copulatur,
1133 256 1165 286 et
1183 254 1373 296 plerumque

92 316 164 338 eam
188 317 280 338 suam
298 305 437 338 retinere
456 307 607 338 naturam
630 306 819 348 plerumque
839 309 1036 339 convertere.
1073 307 1134 339 hoc
1153 308 1254 349 igitur
1274 308 1374 339 scien-

93 358 168 391 dum
192 362 255 401 est,
285 359 374 401 quia,
403 370 475 391 cum
500 370 610 391 casum
634 371 729 391 suum
752 360 886 402 retinet,
918 360 1139 402 hysterologia
1163 363 1225 402 est,
1253 364 1290 393 ut
1313 361 1374 393 hoc

91 412 179 456 loc03
201 424 274 445 cum
292 415 402 444 autem
421 414 540 454 mutat,
563 413 668 455 figura
687 415 750 455 est,
774 415 810 445 ut
830 412 1034 445 Cumarum
1058 413 1257 445 adlabitur
1281 415 1374 453 oris3

92 465 191 498 ‘oris’
224 466 310 498 enim
342 477 400 507 pro
435 477 507 498 oras
541 466 673 507 posuit.v
712 466 901 508 plerumque
929 469 1039 498 tamen
1069 467 1167 498 etiam
1196 468 1373 508 superfluas

90 521 216 561 ponunt
237 519 507 561 praepositiones
597 532 672 555 ovas
695 532 785 552 νΕΝΤο
805 533 979 552 Ασσῑεειςκιγ
1000 521 1082 560 oms]
1107 519 1199 552 *sine
1215 522 1373 562 praeposi-

91 573 179 604 tione.
224 572 392 605 Sallustius
411 583 531 613 yenna
548 575 702 613 patruni
725 572 1014 605 advolvuntur.²¹‘

179 626 253 658 308.
295 635 355 665 QVI
384 635 545 658 TENEANT
579 626 647 658 iure
681 626 824 668 dubitat,
857 637 929 658 cum
961 627 1071 659 omnia
1101 630 1212 660 cernat
1242 628 1374 660 inculta.

90 681 140 711 est
163 681 273 712 autem
297 679 375 712 ordo
399 679 470 721 ‘qui
491 681 635 721 teneant,
659 680 849 712 hominesne
869 680 1026 720 feraene'3
1053 680 1160 712 media
1182 692 1239 722 per
1263 692 1374 722 paren-

0 741 3 745 *
46 758 49 760 .
89 732 198 765 thesin
221 733 308 765 dicta
331 735 416 765 sunt.
506 742 646 765 EXACTA
674 733 845 775 exquisita.
891 736 918 765 et
942 734 1069 766 ostendit
1086 735 1252 775 providum
1275 745 1373 775 reyem

0 857 7 906 awa-
0 843 7 849 ν
0 819 9 838 »v

0 1005 11 1226 uwwv1m5.÷wv‹ffl
0 918 10 1002 *ug-<w

84 797 144 827 per
165 797 196 819 se
218 789 376 819 mirantem
399 787 555 818 commoda
578 787 739 819 sooiomcm.
790 823 796 826 χ

179 841 253 887 310.
290 850 328 872 IN
353 849 516 873 CONVEXO
541 849 714 872 NEMORVM
738 841 988 882 prooeconomia
1012 843 1062 873 est
1085 840 1126 872 ad
1150 852 1280 872 causam
1304 852 1373 882 per-

89 894 207 926 tinens.
252 906 319 927 non
347 894 434 926 enim
461 894 627 926 tenebitur
656 894 696 926 ab
721 893 825 934 Afris,
858 897 894 926 ut
918 894 1049 936 Ilionei,
1081 897 1109 926 et
1135 895 1189 935 qni
1216 906 1285 926 cnm
1308 895 1374 935 ipso

89 950 333 988 supervenerant.
380 947 555 980 ‘convexo'
585 949 694 979 autem
728 959 838 990 curvo,
871 948 954 980 unde
988 950 1020 980 et
1051 959 1226 980 convexum
1257 948 1375 980 dieitur

90 1001 224 1033 caelum.
271 1012 347 1034 sane
377 1001 587 1033 subaudimus
619 1001 733 1043 ‘loco'‚
767 1002 803 1033 ut
830 1001 910 1033 alibi
939 1003 1156 1033 castrorum
1186 1004 1222 1033 et
1250 1001 1374 1043 campi

90 1054 230 1093 medio,
262 1055 297 1087 id
329 1057 378 1087 est
412 1055 529 1096 spatio.
576 1054 766 1086 ‘nemorum’
802 1057 904 1087 autem
933 1056 1020 1087 modo
1047 1056 1206 1087 silvarum.
1252 1055 1376 1086 interest

90 1110 193 1140 autem
215 1109 295 1140 inter
317 1119 424 1140 nemus
447 1111 476 1140 et
497 1108 609 1140 silvam
632 1111 660 1140 et
684 1109 801 1147 lunum
827 1109 912 1140 luciis
931 1110 1013 1140 enim
1036 1111 1080 1140 est
1102 1109 1247 1140 orborum
1270 1109 1374 1140 multi-

91 1162 162 1193 tudo
193 1172 262 1194 oum
293 1162 450 1203 reliqione,
483 1172 590 1194 nemus
617 1172 686 1194 vero
713 1163 878 1202 composita
909 1162 1072 1194 multitudo
1105 1162 1262 1201 arborum,
1295 1162 1374 1194 silva

89 1215 207 1254 diffusa
229 1218 258 1247 et
279 1215 405 1247 inculta.
488 1224 551 1247 SVB
576 1224 666 1247 RVPE
689 1224 827 1247 OAVA'PA
850 1216 1050 1257 periphrasis
1074 1218 1124 1248 est
1149 1216 1328 1257 speluncae.

179 1268 253 1300 311.
290 1276 484 1300 Annomssvs
504 1277 622 1306 ATQVE
647 1277 893 1301 uomznn'rmvs
914 1278 1040 1301 vnssms
1064 1269 1187 1301 umbris
1212 1269 1374 1310 arborum,

90 1332 153 1363 quo
177 1321 273 1354 modo
298 1322 512 1364 molemque
537 1323 574 1353 et
597 1324 758 1355 montes.
806 1325 863 1355 aut
886 1325 973 1355 certe
998 1323 1168 1355 arboribus
1193 1324 1225 1354 et
1248 1322 1373 1354 umbris

91 1374 271 1416 speluncae.
317 1378 345 1407 et
371 1375 442 1407 bene
469 1376 599 1407 ostendit
626 1377 731 1408 omnia
754 1377 889 1419 †carvis
917 1377 1025 1408 adlata
1052 1376 1182 1408 navibus
1208 1386 1270 1408 non
1298 1386 1375 1416 quae

88 1430 235 1460 venerant
256 1439 324 1460 oum
347 1429 462 1461 Aenea.
509 1429 680 1462 ‘clausam'
703 1432 806 1462 antem
830 1429 968 1462 ‘oceidit’
993 1430 1101 1462 occulit
1123 1433 1151 1461 et
1173 1429 1292 1462 clausit.

179 1482 253 1514 312.
291 1491 488 1515 comTATvs
512 1491 649 1515 ACHATE
681 1484 751 1516 bene
775 1484 905 1516 ostendit
926 1484 1064 1515 Aeneam
1087 1494 1149 1515 esse
1169 1483 1374 1523 fortissimum

89 1546 143 1568 nec
164 1537 334 1577 quidquam
358 1538 462 1569 timere
484 1538 609 1570 dicendo
633 1537 710 1569 ‘uno
730 1538 875 1579 yraditnr
893 1538 1055 1569 comitatus
1074 1535 1215 1569 Achate'.
1245 1539 1273 1568 et
1296 1536 1374 1568 dixi-

42 1629 44 1631 Υ
90 1600 161 1621 mus
186 1590 310 1632 quaeri,
335 1601 390 1622 cur
408 1589 552 1623 Achates
573 1590 702 1622 Aeneae
727 1591 770 1622 sit
794 1601 910 1623 comes.
947 1590 1039 1623 varia
1063 1589 1191 1632 quidem
1216 1590 1374 1631 dicuntur,

90 1642 206 1675 melius
229 1645 340 1675 tamen
363 1644 425 1676 hoc
453 1644 600 1686 fingitur,
629 1646 665 1676 ut
688 1645 830 1676 tractum
853 1655 970 1676 nomen
994 1644 1038 1676 sit
1062 1655 1081 1675 a
1105 1643 1228 1675 Graeca
1252 1645 1372 1685 etymo-

90 1695 188 1738 logia.
226 1693 306 1738 ἄχος
325 1697 412 1729 enim
430 1697 548 1729 dicitur
567 1697 769 1739 sollicitudo,
794 1709 875 1740 quae
898 1708 1013 1740 regum
1037 1708 1163 1738 semper
1185 1698 1234 1728 est
1257 1707 1372 1728 comes.

161 1787 178 1810 4
198 1783 359 1820 Cumarum]
381 1785 413 1812 A.
433 1785 471 1812 VI
491 1786 560 1820 2117
581 1784 741 1819 Sallustius]
761 1784 825 1812 hist.
847 1785 947 1819 fragm.
967 1784 1020 1811 inc.
1041 1787 1075 1811 60
1094 1784 1179 1810 Kritz.
1194 1785 1203 1818 11
1219 1786 1250 1810 15
1271 1784 1372 1810 castro-

90 1819 163 1854 rum]
183 1820 215 1846 A.
235 1820 274 1846 IX
294 1823 345 1847 228
369 1822 379 1855 11
402 1823 434 1847 21
455 1821 629 1855 molemque]
650 1821 682 1848 A.
704 1821 714 1846 l
735 1823 766 1847 61

163 1903 176 1926 1
197 1900 234 1926 ad
251 1900 423 1934 praepositio
444 1899 482 1926 K
495 1901 504 1935 11
528 1903 543 1926 2
563 1901 693 1926 naturam
712 1908 762 1926 om.
783 1899 815 1925 K
829 1900 840 1933 11
865 1902 880 1926 3
900 1899 978 1934 quia]
999 1899 1074 1933 quod
1092 1899 1119 1925 B
1142 1899 1151 1933 11
1175 1901 1191 1924 4
1210 1898 1371 1939 Cumarum]

91 1943 154 1961 cum
172 1935 265 1962 ΒΖΗ
288 1937 298 1970 11
321 1936 454 1962 allabitur
472 1936 531 1962 BL
553 1936 563 1969 11
586 1938 601 1962 5
622 1935 786 1969 plerumque
810 1936 904 1961 tamen
923 1935 1010 1961 etiam
1028 1935 1068 1961 B:
1097 1935 1262 1968 plerumque
1287 1933 1373 1960 etiam

90 1970 187 1997 tamen
210 1971 296 1998 etiam
315 1971 347 1997 K
370 1971 533 2006 plerumque
558 1971 642 1997 etiam
662 1971 726 1996 LH
730 1971 766 1996 M
773 1970 812 1997 O*
835 1971 844 2004 11
868 1973 883 1995 8
910 1971 947 1997 ad
970 1979 993 1996 v.
1014 1972 1065 1996 308
1086 1944 1139 2002 (fui
1158 1969 1284 2004 teneant]
1306 1969 1373 1996 ordo

91 2007 159 2033 est.
197 2027 203 2033 .
223 2006 361 2041 exquisita
381 2008 492 2041 (exque
484 2006 555 2040 ita).
578 2007 605 2032 P
626 2006 635 2040 11
659 2006 733 2040 cum]
754 2006 803 2039 qui
820 2006 848 2031 B
870 2006 880 2039 11
905 2008 936 2031 12
962 2006 999 2032 ad
1017 2014 1041 2032 v.
1061 2008 1113 2031 310
1132 2006 1163 2031 In
1183 2013 1306 2032 connexo
1325 2013 1373 2031 ne-

90 2042 210 2082 morum]
235 2042 452 2076 prooeconomia
476 2044 587 2069 est..
614 2042 771 2076 speluncae.
794 2041 821 2067 P
841 2042 850 2075 11
873 2041 909 2068 ad
933 2049 1046 2068 causam
1066 2040 1226 2081 pertinens]
1239 2040 1275 2067 ad
1293 2040 1373 2066 illam

91 2076 199 2104 seilicet
217 2078 283 2118 quia
301 2078 374 2105 aliae
393 2086 479 2104 naues
499 2063 599 2112 captae
619 2078 690 2103 sunt.
720 2077 791 2103 istae
810 2077 924 2103 latendo
940 2077 1089 2103 euaserunt
1107 2077 1171 2103 add.
1187 2077 1196 2102 l
1214 2077 1246 2102 in
1264 2084 1367 2109 marq.

95 2115 126 2139 13
145 2121 200 2140 non
224 2113 298 2140 enim
317 2113 488 2140 intenebitur
508 2113 539 2139 K
559 2114 568 2147 11
591 2113 622 2139 ut
641 2112 739 2139 Ilionei
766 2121 815 2139 om
835 2112 862 2138 B
889 2113 922 2139 ut
939 2111 1053 2139 ilionius
1074 2112 1101 2138 P
1128 2113 1159 2138 ut
1178 2111 1264 2138 ilione
1287 2111 1316 2137 H
1341 2099 1374 2137 ut

90 2147 188 2175 ilionei
205 2149 285 2175 nauis
306 2149 370 2181 Ml
388 2149 464 2175 hand
482 2150 537 2175 scio
557 2157 594 2175 an
612 2151 688 2175 r.ecte
711 2149 721 2182 11
745 2151 778 2174 20
798 2148 835 2174 ad
853 2156 876 2173 v
897 2151 948 2174 311
970 2147 1090 2182 Occulit]
1111 2155 1162 2181 pro
1181 2147 1305 2174 occuluit
1323 2148 1373 2179 (sic

91 2182 195 2210 Daniel
214 2184 318 2211 occulit
335 2185 404 2218 co.d)
428 2185 458 2211 id
482 2186 524 2211 est
549 2184 697 2210 abscondit-
720 2184 749 2210 et
772 2183 881 2210 clausit
903 2184 930 2209 P
949 2184 958 2217 11
981 2193 1127 2209 Aimonmvs
1148 2203 1176 2210 ..
1192 2204 1198 2210 .
1223 2182 1372 2217 speluncae

92 2226 141 2245 om.
159 2219 186 2245 B
199 2220 210 2254 11
227 2229 313 2249 novi:
334 2230 514 2246 nonnewrmvs
534 2240 539 2246 .
557 2240 562 2246 .
578 2240 583 2246 .
604 2219 735 2246 arborum
754 2227 804 2246 om.
819 2219 871 2253 Κ11
890 2221 923 2245 21
943 2218 1046 2245 montis
1067 2218 1140 2244 HM
1156 2219 1166 2252 11
1186 2221 1219 2244 22
1235 2221 1298 2252 post
1317 2226 1373 2243 non

93 2253 219 2281 lacunam
242 2256 378 2282 indicavit
396 2255 552 2289 Scioppius.
592 2255 628 2281 ad
652 2255 823 2281 laudandam
842 2256 949 2281 Aeneae
967 2255 1139 2288 diliyentiam
1155 2254 1290 2287 pertinere
1308 2253 1373 2278 haee

92 2289 172 2316 verba
190 2293 215 2316 et
237 2290 378 2317 curavisse
402 2292 485 2318 latere
507 2292 538 2317 in
563 2290 654 2317 curvis
677 2290 836 2331 suspicatur
854 2290 891 2317 F.
911 2289 1061 2316 Schoellius
1083 2291 1092 2322 11
1115 2292 1148 2315 23
1169 2289 1291 2315 clansam
1312 2308 1317 2314 .
1338 2309 1344 2315 .
1365 2308 1371 2313 .

94 2323 194 2351 clausit
212 2326 247 2352 F.
267 2326 430 2353 Schoellius:
449 2327 568 2353 classem
587 2327 681 2352 autem
702 2325 805 2352 occulit
823 2326 851 2352 et
870 2325 971 2352 clausit
991 2325 1014 2351 0
1029 2326 1038 2359 11
1060 2328 1094 2351 25
1114 2324 1245 2358 diximus]
1266 2323 1371 2349 dictum

94 2360 137 2386 est
155 2360 178 2387 G
195 2361 205 2394 11
227 2364 260 2388 28
280 2362 364 2388 achos
382 2362 448 2388 BA
451 2362 484 2388 H
488 2362 525 2388 M
543 2362 552 2395 11
580 2361 694 2395 dicitur]
714 2362 745 2387 in
763 2362 812 2388 hoe
829 2361 908 2388 verbo
927 2361 1028 2387 desinit
1041 2360 1193 2394 Lipsiensis
1211 2360 1309 2392 solium
1329 2361 1371 2385 91

30 2407 35 2410 -
88 2396 246 2428 proximum
264 2399 335 2431 quod
354 2398 509 2424 continebat
528 2397 689 2424 sollicitudo
708 2397 745 2423 ad
764 2405 884 2423 saevum.
923 2407 974 2422 omi
994 2397 1069 2430 (vers
1089 2396 1150 2429 341)
1170 2395 1317 2421 intercidit.

147 2444 219 2465 Servii
233 2451 312 2467 comm.
326 2447 377 2468 Vol.
392 2447 409 2468 Ι.
425 2447 490 2466 Fasc.
505 2447 523 2466 1,
1142 2443 1157 2466 8

1394 474 1408 497 σι

1395 741 1427 763 10

1393 1273 1426 1297 20

1393 1540 1426 1564 25
