1722 2670
541 141 654 169 COMM.
674 141 713 168 IN
732 141 840 169 VERG.
859 142 943 168 AEN.
964 143 1010 171 III.
1032 146 1145 171 10—14.
1420 143 1482 175 337

198 223 282 262 quod
307 223 344 254 de
366 223 500 254 Lavinio
525 223 671 255 translati
693 223 827 255 Romam
855 224 901 256 bis
924 225 959 255 in
983 224 1080 286 locum
1103 235 1195 256 suum
1217 226 1380 257 redierint:
1404 227 1486 266 quod

199 276 399 316 imperatores
429 277 465 308 in
491 277 670 317 provincias
697 277 776 308 ituri
803 278 889 317 apud
918 288 966 310 eos
992 279 1134 318 primum
1162 279 1372 310 immolarint:
1404 280 1485 319 quod

200 339 305 361 eorum
332 330 461 362 nomina
487 341 575 362 nemo
602 331 696 362 sciat:
724 332 805 371 quod
825 332 1072 372 praesentissimi
1099 333 1288 370 sentimum,-
1316 344 1392 364 nam
1415 344 1484 364 cum

201 383 310 415 ambae
335 384 469 424 viryines
500 385 535 415 in
568 384 676 424 templo
708 385 833 416 deorum
861 385 978 417 Lavini
1009 386 1103 417 simul
1130 386 1310 424 dormirent,
1344 397 1379 417 ea
1407 397 1484 426 quae

202 437 308 468 minus
335 439 420 469 casta
447 440 514 469 erat
534 438 667 477 fulmine
694 439 874 470 eoeanimata
897 439 1027 471 alteram
1050 438 1130 470 nihil
1153 439 1288 470 sensisse.
1325 450 1399 480 quos
1422 440 1483 471 Ro-

200 491 288 522 mani
310 491 436 535 penitus
463 491 498 522 in
521 492 604 523 cultu
627 491 749 530 habent,
778 503 852 532 quos
875 493 940 524 nisi
961 493 1111 525 sacerdoti
1133 493 1234 524 videre
1255 493 1307 532 fas
1330 493 1412 524 nulli
1434 494 1483 534 sit,

197 544 252 584 qui
274 544 339 576 ideo
357 547 484 585 penates
506 545 712 587 appellantur,
735 547 816 586 quod
838 547 872 577 in
891 547 1098 587 penetralibus
1123 547 1246 577 aedium
1270 547 1329 578 coli
1347 547 1464 578 soleant
1472 557 1482 584 ;

200 607 276 629 nam
304 600 331 629 et
359 598 460 638 ipsum
482 598 625 638 penetral
647 609 747 639 penus
774 600 900 638 dicitur,
932 602 967 631 ut
993 599 1082 631 hodic
1109 610 1225 640 quoque
1248 611 1348 640 penus
1377 601 1483 633 Vestae

197 650 302 683 claudi
323 651 369 682 vel
391 652 510 691 aperiri
532 652 653 683 dicitur.

290 705 338 736 13.
377 713 492 744 TERRA
517 713 655 737 PROCVL
685 705 831 747 ‘procul'
861 708 910 738 est
939 707 1031 747 quasi
1061 717 1157 747 porro
1182 706 1223 738 ab
1248 707 1362 738 oculis:
1397 708 1480 739 unde

199 759 308 798 potest
337 760 370 790 et
399 757 495 790 ‘satis
519 758 632 800 longe'
656 759 854 800 significare,
883 761 916 790 et
940 758 1021 790 ‘non
1044 759 1166 800 valde',
1194 761 1231 791 ut
1253 760 1288 791 in
1311 760 1350 792 V.
1374 761 1481 802 <124>

198 812 257 842 est
284 812 421 852 procul
450 812 488 843 in
516 812 658 854 pelago
689 823 834 853 saxum,
864 813 948 854 quod
979 813 1059 845 satis
1088 813 1185 854 longe
1209 814 1309 845 fuisse
1333 815 1481 856 intellegi

196 875 262 895 non
285 866 403 906 potest,
429 876 469 897 ne
493 865 641 907 voluptas
666 868 779 907 pereat
803 866 987 907 spectaculi.
1013 877 1210 908 quamquam
1235 870 1268 899 et
1291 868 1343 899 hic
1364 868 1481 900 similis

197 917 302 959 possit
321 929 391 950 esse
411 919 621 960 significatio3
642 919 750 951 brevis
766 922 816 951 est
831 919 918 951 enim
934 919 1141 961 Hellesponti
1156 921 1324 953 transitus.
1358 931 1480 954 VASTIS

197 972 255 1002 ant
277 972 416 1004 vastatis
440 974 497 1004 aut
520 972 657 1014 magnis.

289 1025 337 1056 14.
375 1033 532 1057 THRACES
557 1034 674 1057 ARANT
699 1026 851 1067 figurate;
875 1037 950 1058 nam
975 1026 1081 1058 minus
1107 1029 1157 1058 est
1181 1027 1321 1069 ‘quam'.
1400 1037 1480 1061 AGRI

197 1086 370 1115 QVONDAM
394 1090 490 1110 saevo
515 1080 548 1110 et
571 1080 715 1110 cruento.
752 1079 917 1121 Lycurgus
938 1081 1046 1111 autem
1065 1080 1114 1111 hic
1131 1081 1217 1120 filius
1236 1081 1401 1122 Dryantis,
1425 1094 1479 1114 rex

193 1132 294 1171 ycntis
308 1132 478 1164 Bistonum
498 1132 655 1163 Thraciae
675 1132 750 1163 fuit:
775 1132 829 1173 qui
849 1135 885 1164 ut
905 1132 1004 1164 habet
1018 1133 1138 1172 fabula,
1158 1134 1234 1165 dum
1250 1136 1480 1176 contempnens

197 1184 350 1217 Liberum
380 1185 449 1217 eius
473 1187 621 1226 amputat
646 1186 744 1226 vites,
773 1196 867 1217 crura
892 1197 950 1217 sua
974 1186 1096 1218 incidit.
1133 1198 1168 1218 re
1192 1199 1270 1219 vera
1293 1190 1401 1219 autem
1426 1189 1480 1220 ab·

1502 448 1517 470 5

1502 715 1535 738 10

1502 983 1534 1006 15

197 1238 333 1270 stamius
367 1238 444 1270 fuit:
477 1250 558 1280 quos
592 1241 721 1270 constat
754 1239 888 1271 acrioris
917 1251 986 1272 esse
1015 1243 1165 1281 naturae,
1199 1241 1283 1282 quod
1313 1241 1411 1273 etiam
1441 1242 1480 1274 de
1499 1250 1532 1273 ΞΟ

196 1291 416 1324 Demosthene
432 1292 553 1324 dictum
569 1295 627 1324 est.
652 1291 832 1333 *Lycuryus
846 1303 923 1333 vero,
937 1296 972 1324 ut
985 1293 1044 1324 alii
1053 1294 1167 1334 dicunt,
1182 1305 1250 1325 cum
1265 1295 1480 1335 indiynaretur

195 1345 343 1377 Liberum
365 1346 404 1377 ab
427 1346 568 1377 omnibus
583 1346 723 1386 ⁸centibus
746 1346 812 1384 coli,
837 1349 870 1377 ut
886 1347 1026 1386 primum
1050 1358 1118 1378 cnm
1139 1347 1294 1380 Thraciae
1315 1349 1392 1389 fines
1410 1360 1479 1380 cum

195 1409 250 1431 suo
282 1400 428 1430 comitatu
459 1399 601 1431 introisse
632 1400 782 1440 coynovit‚
815 1400 1045 1440 comprehensas
1076 1400 1220 1433 Bacchas
1252 1402 1317 1433 eius
1348 1402 1479 1443 flayellis

195 1453 375 1491 verberavit,
408 1453 509 1493 ipsum
537 1463 605 1484 vero
634 1453 765 1494 insequi,
797 1455 833 1484 ut
859 1454 1015 1495 occideret,
1042 1454 1145 1506 coepit.
1182 1456 1235 1486 sed
1255 1458 1421 1496 postquam
1449 1467 1480 1487 se

196 1506 289 1538 Liber
314 1506 437 1546 fuyiens
464 1509 500 1537 ut
526 1507 661 1538 evaderet
682 1507 902 1546 praecipitavit
928 1507 962 1538 in
991 1507 1128 1549 mare-(set
1148 1519 1169 1539 a
1194 1509 1322 1540 Thetide
1343 1510 1478 1550 nympha
1497 1518 1530 1541 25

271 1605 303 1628 17
324 1602 467 1636 Lycurgus
487 1603 580 1629 autem
602 1623 608 1628 .
629 1624 635 1630 .
657 1625 663 1629 .
683 1602 790 1629 dictum
810 1603 864 1637 est]
886 1612 971 1630 exscr.
992 1604 1131 1639 mythogr.
1153 1605 1163 1630 1
1185 1608 1234 1631 123
1255 1606 1283 1632 et
1301 1605 1340 1632 III
1361 1609 1405 1639 12,
1426 1607 1464 1640 411

196 1641 228 1664 21
249 1637 393 1672 Lycurgus
411 1646 477 1664 vero
497 1646 519 1664 e.
540 1647 565 1671 q.
587 1638 620 1672 s.]
641 1638 674 1670 cf.
695 1639 834 1672 mythogr.
855 1639 867 1664 I
888 1642 937 1665 122

268 1730 283 1753 2
299 1726 472 1753 immolarint
485 1728 598 1761 scripsi:
617 1727 802 1754 immolabant
817 1728 877 1753 FT
889 1729 898 1762 ΙΙ
912 1732 927 1754 3
938 1729 1157 1762 praesentissimi
1169 1730 1206 1755 T:
1219 1730 1374 1763 praesentis
1389 1740 1434 1766 me
1450 1731 1480 1757 F

195 1764 356 1797 praesentes
366 1763 470 1789 Daniel
480 1764 566 1789 edidit
576 1764 704 1790 lacunam
714 1764 842 1790 indicans
854 1766 1015 1797 praesentes
1026 1765 1120 1791 adesse
1131 1766 1286 1792 Masvicius
1299 1766 1308 1800 ΙΙ
1323 1770 1338 1792 4
1350 1766 1476 1801 deorum]

195 1799 312 1831 fortasse
331 1806 426 1825 eorum
445 1799 454 1832 ΙΙ
474 1798 576 1832 lauinis
596 1799 626 1825 F
642 1800 651 1833 ΙΙ
670 1799 835 1825 doirmirent
853 1799 883 1825 F
895 1800 904 1833 ΙΙ
919 1800 963 1834 ea]
984 1801 1013 1826 et
1031 1800 1104 1827 Lion
1118 1802 1127 1835 ss
1147 1804 1162 1827 5
1182 1801 1341 1828 exanimata
1360 1802 1476 1828 Daniel:

196 1833 348 1860 examinita
367 1842 400 1860 eac
419 1834 581 1861 examinata
599 1834 630 1861 F
646 1835 655 1868 ΙΙ
673 1835 756 1870 quos]
777 1835 851 1868 quod
871 1835 1027 1862 Masvicius
1045 1837 1054 1870 ΙΙ
1072 1837 1192 1863 Romani
1214 1837 1239 1862 T
1263 1840 1287 1863 ct
1307 1838 1476 1864 Masvicius:

196 1869 302 1896 inmani
322 1869 351 1895 F
372 1870 381 1904 ΙΙ
407 1873 422 1896 6
442 1870 564 1905 penitus]
584 1871 700 1904 penates
721 1871 876 1896 Masvicius
890 1871 899 1904 ΙΙ
918 1871 1042 1897 habeant
1061 1872 1217 1898 Masvieius
1231 1873 1240 1906 ΙΙ
1260 1876 1273 1899 7
1295 1873 1349 1899 coli
1369 1874 1478 1900 soleant

197 1905 349 1938 Sehefferus
373 1906 476 1932 advers.
501 1906 611 1939 (observ.
637 1906 697 1932 crit.
724 1906 786 1932 wll
809 1915 834 1938 p.
862 1907 937 1939 413):
970 1906 1041 1933 caeli
1065 1907 1174 1934 soleant
1197 1907 1227 1933 F
1267 1909 1338 1934 caeli
1361 1909 1477 1935 sedeant

196 1941 301 1967 Daniel
314 1942 323 1974 ΙΙ
344 1944 377 1967 10
396 1950 480 1967 ri-:mm
499 1951 598 1967 psocvn
617 1949 666 1967 oni.
687 1941 717 1967 F
729 1942 739 1975 ΙΙ
755 1946 784 1967 11
806 1944 837 1967 ut
855 1941 884 1967 in
903 1942 936 1967 V.
958 1963 962 1968 .
984 1963 989 1969 .
1011 1964 1016 1969 .
1037 1951 1094 1969 esse
1114 1942 1282 1976 significatio
1302 1952 1350 1970 ont.
1371 1944 1401 1970 F
1413 1947 1477 1978 post

196 1977 279 2003 valde
304 1977 408 2003 addens
426 1976 471 2003 hic
490 1978 584 2003 tamen
604 1985 654 2011 pro
674 1985 729 2003 non
749 1977 830 2003 valde
850 1977 934 2011 longe
953 1977 1067 2011 ponitur
1090 1980 1099 2012 ss
1124 1982 1156 2005 14
1175 1987 1266 2005 vAsrrs
1286 2000 1292 2006 ,
1313 2001 1318 2006 .
1339 2001 1345 2006 .
1365 1980 1476 2014 maguis

196 2019 247 2038 om.
268 2011 320 2045 Fss
335 2015 367 2038 15
386 2012 516 2047 vastatis]
538 2015 566 2039 et
585 2021 635 2046 per
654 2013 707 2038 hoc
726 2012 844 2038 desertis
863 2013 926 2040 add.
946 2013 1050 2040 Daniel
1063 2015 1072 2047 ΙΙ
1089 2017 1119 2040 17
1140 2014 1283 2048 Lycurgus
1302 2017 1395 2042 autem
1416 2037 1421 2042 .
1442 2037 1447 2042 .
1470 2037 1475 2042 .

197 2049 237 2080 (p.
259 2050 310 2074 338
330 2048 377 2075 lin.
398 2050 425 2081 3)
452 2047 511 2074 sine
537 2048 615 2074 verbi
635 2048 754 2082 origiue]
782 2058 904 2074 naemu
922 2049 1102 2083 participium
1122 2051 1165 2076 est
1184 2050 1242 2077 sine
1262 2050 1368 2085 origine
1388 2051 1474 2078 uerbi.

196 2092 316 2109 chvimo
335 2083 467 2118 lycurgus
485 2092 552 2110 uero
571 2085 604 2110 ut
622 2083 671 2110 alii
690 2083 788 2110 dieunt
809 2104 814 2110 .
835 2105 841 2110 .
862 2105 867 2109 .
887 2083 947 2117 ipse
966 2084 1019 2111 sibi
1039 2093 1119 2111 crura,
1137 2085 1263 2112 succidit.
1302 2096 1419 2113 chvnco
1435 2087 1474 2120 ly-

196 2126 297 2152 curgus
316 2120 410 2145 autem
429 2119 475 2145 hic
494 2119 567 2146 filius
583 2119 710 2153 dryantis
729 2128 776 2146 rex
795 2119 888 2153 gentis
908 2119 1068 2147 bisthonum
1089 2121 1142 2147 fuit
1160 2121 1208 2155 qui
1227 2123 1259 2148 ut
1277 2122 1364 2149 habet
1378 2123 1475 2149 fabula

196 2153 262 2179 dum
289 2155 486 2188 contempnens
512 2155 631 2181 liberum
658 2155 716 2181 eius
740 2155 813 2181 uites
836 2163 921 2181 manu
945 2164 995 2182 sua
1021 2164 1130 2190 semper
1148 2157 1305 2184 abscideret
1323 2158 1438 2184 inmisso
1458 2167 1475 2184 a

197 2188 284 2216 libero
309 2190 400 2216 furore
424 2190 484 2224 ipse
503 2190 557 2216 sibi
576 2199 656 2217 crura
674 2190 792 2217 succidit
810 2190 845 2216 F.
884 2199 917 2217 ea:
935 2191 977 2217 his
995 2191 1016 2217 li
1056 2201 1121 2226 rgus
1141 2193 1186 2219 hic
1205 2193 1279 2219 filius
1295 2193 1367 2228 ΛΜΝ
1384 2197 1472 2227 (quat-

196 2227 259 2250 tuor
278 2225 383 2252 litterae
401 2228 503 2259 erasae)
523 2226 641 2252 driantis
661 2234 709 2253 rex
727 2225 819 2260 gentis
837 2225 999 2253 bisthonnm
1031 2227 1073 2253 uit
1091 2227 1185 2262 quint
1198 2229 1285 2255 habet
1299 2229 1396 2255 fabula
1411 2238 1473 2255 cum

196 2260 389 2294 indignaretur
407 2260 526 2288 liberum
547 2283 552 2288 .
574 2283 579 2288 .
601 2283 605 2288 .
626 2261 686 2295 ipse
711 2262 764 2288 sibi
789 2270 869 2288 crura
887 2262 1005 2289 succidit
1023 2263 1100 2290 habet
1123 2263 1147 2289 Τ
1170 2265 1180 2298 ΙΙ
1208 2267 1240 2290 19
1261 2267 1409 2298 amputans
1429 2265 1437 2290 l
1465 2265 1473 2298 l}

196 2295 311 2322 abstans
327 2296 359 2322 H
381 2296 523 2324 abstenius
540 2298 575 2323 M
589 2298 598 2331 ΙΙ
612 2300 646 2323 20
661 2297 715 2323 fuit
733 2306 802 2331 quos
822 2306 871 2324 om,
888 2298 921 2323 H
931 2298 941 2331 ΙΙ
955 2301 988 2324 23
1008 2298 1137 2326 introisse
1151 2300 1175 2325 T
1190 2299 1329 2326 introiisse
1341 2300 1370 2325 F
1382 2301 1391 2333 ΙΙ
1405 2300 1473 2326 Bac-

196 2331 264 2357 chas
280 2331 448 2358 Mascicius:
466 2341 566 2360 uaccas
582 2333 637 2359 1⁸1
668 2333 773 2359 Baecas
789 2333 892 2360 Daniel
904 2333 914 2367 ΙΙ
928 2336 962 2359 24
977 2334 1056 2368 sequi
1073 2334 1098 2360 T
1108 2336 1117 2368 ΙΙ
1131 2344 1160 2361 se
1175 2344 1225 2362 om.
1244 2335 1268 2360 T
1279 2337 1288 2368 ΙΙ
1302 2339 1336 2361 25
1351 2344 1378 2361 se
1394 2343 1473 2369 prac-

196 2366 326 2401 cipitavit
349 2367 392 2401 ΤΙΙ
406 2375 422 2393 a
442 2368 560 2395 Thetide
580 2369 659 2395 Gerl«.
686 2368 811 2395 Vossius:
830 2369 950 2396 athende
972 2369 1001 2395 F
1027 2378 1044 2396 a
1062 2371 1164 2397 theade
1187 2371 1212 2396 T

250 2416 324 2436 Servii
338 2422 417 2436 comm.
432 2418 484 2438 Vol.
500 2418 519 2437 1.
533 2419 598 2438 Fuso.
612 2419 630 2438 I.
1226 2419 1258 2442 22
