1630 2684
0 2209 11 2514 n-ffl-..Wae-vvg--m-uw
0 2196 2 2200 .
0 2172 2 2182 v„
0 2155 2 2161 v„
0 2118 3 2119 ,

482 166 594 195 coma.
614 166 654 195 m
671 165 779 194 vano.
798 166 883 194 AEN.
902 167 936 194 11.
956 145 1106 195 «ue—457.
1370 166 1435 199 289

154 249 320 291 ingressus
348 249 405 281 nit:
437 251 471 281 et
500 249 580 281 dicit
607 260 665 291 per
692 249 867 290 posticum,
899 249 984 291 quod
1012 250 1140 291 generis
1169 251 1219 281 est
1245 249 1368 291 neutri,
1399 251 1436 281 ut

155 303 312 335 Horatius
345 303 448 335 atria
485 305 703 335 servantem
739 303 892 344 postico
929 302 1024 334 falle
1057 303 1248 335 clientem.
1299 314 1375 335 nam
1408 302 1436 334 si

155 357 284 399 generis
302 356 449 388 feminini
468 356 588 398 legeris
608 355 768 398 ‘posticaz
791 356 947 398 augurale
967 357 1030 397 est,
1053 358 1090 388 ut
1110 355 1253 397 ‘antica',
1276 355 1436 397 ‘postica'.

222 419 355 443 CAECAE
383 421 450 442 non
473 410 623 442 omnibus
646 411 752 442 notae.
842 418 926 442 vsvs
950 409 1085 441 verbum
1109 410 1206 441 iuris:
1235 409 1311 441 ‘via'
1335 411 1437 451 acius,

156 475 242 497 usus.
274 467 276 469 '
319 476 446 497 mame
468 465 552 503 vsvs]
575 463 631 496 hos
653 463 767 496 Graeci
788 464 947 496 andronas
969 463 1134 504 appellant.
1456 467 1471 491 5

243 517 319 550 454.
356 530 460 550 weron
467 530 505 550 Vn
523 530 611 550 wrm
630 530 667 549 st:
683 530 789 549 mmm
803 527 863 558 per
884 517 966 558 quod
986 517 1044 549 iter
1066 517 1110 549 ad
1130 519 1293 557 utramque
1313 517 1437 548 domum

154 570 281 602 Priami
302 571 542 612 commeabatnr,
567 573 603 602 ut
624 573 774 611 appareat
795 571 874 602 dicas
896 571 1001 602 domos
1026 570 1135 612 fuisse,
1162 570 1293 602 alteram
1320 570 1437 610 reyiam

154 623 293 666 Priami,
319 624 451 656 alteram
474 623 629 662 Hectoris,
659 624 739 655 inter
765 634 844 665 quas
865 624 916 656 illi
937 624 1051 656 aditus.
1142 636 1262 659 Posmso
1270 636 1304 655 rr
1323 636 1440 655 numm

153 679 210 709 aut
230 678 370 710 relictum
391 678 527 719 spatium
550 687 619 709 cum
628 677 755 709 “domus
781 677 1008 718 aedificaretur,
1035 677 1089 709 nbi
1116 677 1227 709 ostium
1253 677 1354 717 fiere&
1382 679 1439 708 aut

153 717 253 762 relicti
274 731 313 763 ab
336 730 484 769 hostibus,
506 731 542 762 id
562 733 607 762 est
627 740 703 771 quos
725 730 822 762 hostes
844 740 907 762 non
930 730 1115 762 obsederant.
1457 734 1490 758 10

243 784 318 816 455.
355 793 499 816 mmmx
521 794 585 816 non
602 794 671 816 curn
688 794 785 826 reyna
802 784 980 825 manebant,
1003 784 1055 815 sed
1078 783 1119 815 ad
1137 793 1290 824 praesens
1309 783 1437 814 rettulit

154 838 282 879 tempus
307 836 460 869 ‘infelix'.
550 846 626 869 DVM
650 846 769 870 REGNA
793 845 986 869 MANEBANT
1011 835 1119 868 ‘dum'
1143 836 1257 868 donec:
1288 838 1320 867 et
1344 836 1436 867 abso-

155 890 242 922 lutus
272 893 322 923 est
352 901 472 923 sensus.
524 891 580 923 alii
609 894 720 923 tamen
746 881 852 923 v‘cum'
881 891 1011 932 legunt:
1044 890 1100 922 sed
1129 890 1217 921 ‘cum
1245 889 1436 921 manebant'

154 944 314 986 quomodo
333 944 483 986 dicimus,
507 956 579 976 cum
599 946 727 977 constet
746 943 946 977 ‘manebant'
965 944 1096 976 modum
1114 955 1184 975 esse
1203 943 1436 975 indicativum?

152 997 214 1029 hoc
229 1008 308 1039 crgo
328 998 493 1030 sciendum
513 1000 576 1040 est,
599 998 688 1040 quia,
713 998 840 1040 quando
856 998 1080 1030 coniunctivus
1095 998 1209 1030 modus
1225 1000 1286 1037 est,
1306 1009 1436 1030 necesse
1458 1002 1490 1026 15

154 1053 204 1083 est
231 1051 356 1093 aliquid
384 1052 476 1094 iungi
504 1054 560 1084 aut
589 1052 768 1093 subaudiri,
796 1054 834 1084 ut
863 1051 952 1084 ‘cum
975 1052 1132 1093 venirem,
1155 1051 1222 1083 vidi
1245 1050 1362 1083 illum'.
1409 1051 1437 1082 si

153 1106 263 1136 autem
288 1104 377 1137 ‘cum
401 1105 587 1138 veniebam'
611 1105 769 1147 dicamus,
793 1107 849 1137 aut
872 1105 986 1137 modus
1011 1116 1070 1147 pro
1094 1105 1189 1137 modo
1213 1107 1275 1147 est,
1302 1105 1365 1136 hoc
1389 1107 1438 1136 est

153 1157 346 1190 indicativus
379 1169 438 1199 pro
472 1159 692 1191 coniunctivo:
730 1161 786 1191 aut
819 1158 924 1191 ‘cum'
956 1170 1022 1191 non
1055 1158 1118 1190 erit
1150 1158 1349 1200 coniunctio,
1382 1158 1437 1205 sed

154 1211 343 1244 adverbium
366 1212 540 1254 temporis,
563 1214 596 1244 et
620 1212 784 1254 significat
808 1212 970 1254 ‘tempore
995 1223 1058 1254 quo
1082 1211 1278 1244 veniebam’.

241 1265 316 1298 456.
353 1279 552 1299 szzmomcms
569 1268 677 1298 notum
695 1268 739 1298 est
756 1266 909 1307 omnibus,
928 1266 1008 1298 hanc
1025 1267 1061 1298 de
1076 1268 1163 1307 yente
1176 1265 1318 1297 Eetionis
1332 1265 1438 1306 faisse,
1457 1270 1491 1294 20

153 1329 280 1351 uxorem
303 1319 460 1361 Hectoris,
482 1322 613 1351 matrem
636 1320 849 1361 Astyanactis,
879 1320 914 1351 de
936 1330 998 1360 qna
1016 1319 1142 1360 plenius
1164 1319 1270 1350 omnia
1292 1319 1328 1351 in
1352 1320 1438 1350 tertio

153 1372 232 1405 libro
251 1372 338 1414 (97)
358 1375 541 1405 narrantur.
624 1386 720 1406 mmm
740 1370 914 1406 mcomffl‘ffl
937 1375 973 1404 ut
990 1375 1017 1404 et
1035 1373 1079 1404 ad
1099 1382 1214 1404 soceros
1237 1373 1296 1404 iret
1317 1373 1439 1413 saepius

153 1428 182 1457 ct
202 1436 266 1458 non
288 1428 444 1466 quaereret
465 1426 606 1467 obsequia
627 1426 829 1466 famulorum.

243 1479 318 1511 457.
354 1488 402 1511 AD
427 1488 580 1512 socmaeos
603 1490 700 1520 quare
722 1479 776 1512 ‘ad
797 1479 937 1520 somos',
962 1489 1032 1526 cnm
1055 1478 1163 1511 ‘socer’
1187 1481 1216 1510 et
1238 1479 1369 1511 ‘socrus'
1394 1480 1439 1511 di—

226 1570 242 1594 2
261 1567 408 1602 Horatius]
428 1575 470 1602 ep.
491 1568 503 1594 I
522 1570 547 1601 5,
567 1570 600 1594 31

155 1648 217 1675 uius
236 1657 302 1675 usus
321 1648 454 1683 (ususus)]
474 1648 591 1674 uerbum
610 1647 691 1674 iuris:
710 1647 758 1675 uia
776 1648 855 1674 actus
873 1655 948 1674 usus.
977 1647 1028 1674 has
1048 1647 1148 1674 Graeci
1167 1647 1307 1674 andronas
1326 1648 1438 1674 uocant.

159 1719 185 1747 P
205 1720 215 1753 ΙΙ
242 1719 340 1747 Limen
365 1694 492 1747 clontra
483 1720 543 1746 erat
562 1719 586 1746 0
601 1721 610 1754 ΙΙ
636 1723 648 1746 1
668 1720 701 1746 ut
718 1719 850 1746 Horatius
869 1727 918 1746 om.
940 1719 963 1746 0
983 1720 993 1754 ΙΙ
1015 1722 1031 1746 2
1051 1718 1183 1746 Horatius
1203 1719 1269 1745 LH
1273 1719 1312 1745 P
1337 1719 1439 1746 flaccus

157 1755 193 1781 M
197 1755 229 1782 1⁴
244 1757 254 1788 ΙΙ
277 1755 398 1797 postico]
417 1755 510 1789 portio
530 1755 587 1789 ΗΙ
577 1756 587 1790 ΙΙ
609 1755 688 1789 falle]
709 1755 855 1782 fallentica
875 1755 899 1781 C
924 1755 1028 1782 fallens
1048 1755 1076 1781 P
1094 1755 1104 1789 11
1127 1754 1259 1781 clion'tem
1279 1755 1313 1781 H
1332 1756 1341 1789 ΙΙ
1364 1758 1380 1781 3
1400 1755 1439 1781 fe-

154 1790 254 1817 minini
278 1791 389 1825 generis
409 1791 435 1817 L
457 1792 467 1825 ss
490 1791 600 1825 portica
619 1791 652 1817 ΙΙ
671 1792 681 1825 ΙΙ
704 1791 809 1825 antica]
835 1792 899 1818 ante
920 1790 943 1817 C'
967 1790 1047 1824 antiq
1048 1799 1084 1817 ua
1104 1790 1132 1816 P
1162 1790 1273 1817 cantica
1292 1791 1325 1816 H
1344 1791 1354 1824 ΙΙ
1377 1799 1439 1824 por—

155 1826 214 1853 tica
228 1827 261 1852 H
271 1828 281 1860 ss
294 1830 311 1853 4
330 1836 440 1854 m-:nwvs
460 1836 524 1853 vsvs
540 1827 579 1861 01
580 1826 655 1861 [via]
677 1827 708 1853 ut
726 1826 762 1854 F.
778 1826 927 1853 Schoelliue
940 1827 950 1860 ΙΙ
964 1830 979 1852 5
1000 1827 1050 1853 has
1066 1826 1093 1853 Ο.
1114 1826 1227 1852 correoei.
1242 1827 1252 1860 11
1267 1829 1282 1852 6
1298 1826 1334 1852 ad
1348 1834 1371 1852 v.
1388 1829 1440 1852 454

156 1862 308 1896 Postesque
328 1862 432 1897 relicti]
453 1828 584 1889 relictuui
602 1862 724 1896 spatium
744 1884 750 1889 .
767 1883 772 1888 .
789 1884 794 1889 .
815 1862 919 1889 ostium
938 1862 1024 1888 fieret.
1040 1862 1087 1896 Pu
1100 1862 1248 1895 utramque
1269 1861 1316 1888 02:
1334 1862 1439 1888 utrum-

156 1906 210 1931 que
231 1897 303 1932 0117
323 1898 392 1924 duas
412 1906 444 1924 eae
464 1898 533 1924 duos
554 1898 577 1924 0
588 1899 598 1931 ΙΙ
614 1901 646 1924 10
666 1898 827 1924 obsiderant
845 1906 878 1924 ea:
897 1897 1058 1924 ousiderant
1077 1896 1167 1931 01111
1189 1897 1226 1923 ad
1242 1905 1266 1923 v.
1282 1899 1334 1923 455
1353 1897 1439 1931 Dum]

157 1933 246 1960 donec
266 1955 272 1961 .
289 1954 294 1960 .
311 1956 316 1961 .
337 1943 400 1960 cum
420 1933 544 1960 uenirem
563 1933 622 1959 uidi
641 1933 729 1961 illum.
752 1934 808 1964 ,aut
826 1941 893 1960 uero
912 1933 1011 1960 modus
1030 1941 1080 1967 pro
1100 1932 1182 1959 modo
1198 1934 1252 1966 est,
1272 1932 1440 1959 indicatiuus

156 1977 207 2003 pro
227 1969 404 1996 coniunctiuo
424 1990 430 1996 .
451 1990 457 1995 .
479 1991 484 1996 .
504 1970 631 2003 tempore
651 1978 706 2003 quo
725 1969 881 1996 ueniebam.
904 1968 932 1994 P
952 1970 962 2003 ΙΙ
984 1969 1136 1995 manebant
1155 1967 1202 1994 0².-
1221 1968 1375 1995 manebunt
1394 1968 1417 1995 0
1433 1968 1442 2003 Η

155 2004 196 2030 rei
215 2004 282 2031 tulit
300 2005 333 2031 Η
348 2006 358 2039 ΙΙ
380 2008 411 2031 12
432 2014 487 2031 nvn
506 2014 594 2031 imon
612 2014 752 2031 MANEBANT
772 2013 822 2032 om.
843 2004 866 2031 0
882 2005 891 2038 ΙΙ
916 2007 947 2031 13
968 2013 1031 2031 cum
1049 2003 1204 2030 manebunt
1223 2004 1246 2030 (J
1263 2004 1273 2038 ΙΙ
1296 2007 1328 2030 14
1346 2011 1441 2031 maue-

155 2039 226 2066 bunt
244 2040 288 2074 011
302 2041 385 2068 modo
404 2041 430 2067 L
448 2040 575 2075 (modum
593 2041 613 2075 l)
628 2042 637 2075 ΙΙ
659 2044 691 2066 15
711 2041 792 2075 ergo]
813 2048 880 2067 uero
901 2040 950 2074 Pu
968 2039 1093 2074 quando]
1113 2039 1254 2073 quomodo
1275 2039 1303 2065 P
1315 2041 1325 2074 ΙΙ
1342 2040 1441 2066 modus

156 2118 206 2138 om.
228 2111 272 2145 011
287 2114 320 2138 16
339 2111 483 2139 subaudiri
502 2111 586 2138 debet
605 2112 641 2137 M
654 2112 663 2145 ΙΙ
677 2091 740 2138 edm
759 2110 898 2137 uenissem
917 2110 943 2136 L
962 2112 985 2144 (t
1002 2109 1127 2137 uenirem
1144 2118 1278 2144 superscr.
1299 2110 1331 2144 0>
1345 2112 1355 2145 ss
1368 2110 1440 2145 vidi]

156 2146 251 2173 inueni
271 2147 294 2174 C'
310 2148 319 2181 ΙΙ
343 2148 385 2174 sin
404 2148 498 2175 autem
519 2147 542 2174 O
558 2148 567 2182 ΙΙ
592 2150 623 2174 17
644 2147 697 2174 hoc
716 2147 759 2173 est
778 2154 827 2173 om.
849 2146 904 2173 ΟΡ
918 2147 928 2181 ΙΙ
952 2148 985 2172 18
1004 2145 1182 2173 coniunctivo
1201 2154 1252 2173 om.
1271 2147 1315 2181 H,
1338 2147 1370 2173 in
1388 2155 1441 2180 quo

100 2225 103 2229 ⁴
157 2217 243 2245 decem
261 2218 317 2251 fere
336 2219 442 2246 litterae
454 2226 548 2245 erasae
561 2220 634 2244 swnt.
649 2219 658 2251 ΙΙ
672 2218 721 2244 aut
740 2217 826 2244 etiam
842 2217 870 2243 P
882 2218 891 2251 ΙΙ
905 2197 967 2244 com
986 2217 1012 2243 L
1025 2218 1034 2252 ΙΙ
1054 2220 1086 2244 19
1105 2217 1251 2252 temporis]
1266 2218 1378 2252 tempus
1394 2216 1418 2243 0
1433 2218 1441 2251 l}

158 2256 192 2279 20
211 2254 249 2280 ad
261 2262 285 2280 v.
300 2257 353 2281 456
372 2254 455 2281 Ferre
473 2253 651 2288 incomitata]
670 2261 704 2280 ne
723 2253 870 2287 quaereret
888 2253 1006 2287 exequia
1023 2253 1201 2280 famulorum.
1218 2253 1251 2279 P.
1273 2255 1352 2287 (quae
1367 2253 1442 2279 Lion

154 2289 264 2322 primus
281 2290 382 2324 recepit
399 2290 553 2317 notandum
572 2298 638 2316 vero
658 2289 705 2315 hic
724 2289 843 2323 exequia
861 2288 917 2315 dici
931 2289 965 2315 de
981 2288 1117 2316 comitatu
1135 2289 1305 2316 famulorum
1326 2296 1441 2321 sequen-

157 2324 229 2350 tium
248 2333 304 2352 rum
322 2328 387 2352 swnt
405 2326 437 2352 in
455 2326 534 2352 libris
539 2335 549 2358 ‚·
572 2332 657 2359 neque
674 2325 841 2351 Burmanno
864 2324 930 2357 fides
953 2325 1079 2352 habenda
1102 2327 1154 2358 est,
1178 2325 1227 2359 qui
1245 2334 1263 2351 α
1282 2324 1399 2350 Daniele
1417 2326 1442 2350 et

158 2359 292 2387 Fabricio
306 2369 338 2388 ea
351 2362 425 2388 edita
439 2369 493 2388 esse
506 2362 598 2394 dixit.)
611 2362 621 2395 ΙΙ
635 2360 763 2387 iectionis
782 2360 805 2387 G
815 2361 825 2394 ΙΙ
839 2363 871 2386 21
893 2360 1056 2387 astianactis
1071 2361 1105 2387 0²
1129 2360 1282 2387 astanactis
1298 2360 1321 2386 G
1332 2360 1342 2393 ΙΙ
1355 2362 1390 2386 24
1405 2360 1442 2386 ad

159 2404 183 2423 v.
200 2398 252 2423 457
271 2397 315 2423 Ad
334 2396 457 2431 soceros]
475 2405 561 2430 quare
580 2396 617 2423 ad
636 2404 758 2430 soceros,
779 2405 842 2423 cum
861 2404 939 2423 socer
958 2397 987 2422 et
1000 2404 1095 2422 socrus
1110 2396 1257 2422 dicantur?
1278 2395 1326 2422 sed
1344 2395 1440 2422 melio-

212 2445 288 2465 Servii
300 2451 380 2466 comm.
399 2446 451 2466 Vol.
466 2446 485 2466 1.
499 2447 565 2467 Fesc.
580 2446 598 2465 1.
1196 2444 1227 2466 19
