1630 2684
0 0 38 165 ξ

0 193 8 224 Ξ

0 2004 7 2023 »v
0 1964 8 1991 -n
0 1922 8 1952 vv:

444 97 557 125 COMM.
578 98 616 124 1N
635 97 742 124 VERG.
762 98 845 125 AEN.
866 100 886 125 1.
908 102 982 126 170-
997 103 1055 128 176.
1351 102 1392 133 69

108 180 263 225 sentinam
286 179 506 217 laboraverint,·
536 189 611 211 nani
633 190 731 221 supra
753 181 801 212 ait
829 191 949 213 omnes
979 182 1171 222 accipiunt
1198 183 1393 216 inimicum

108 234 266 266 imbrem.
310 233 533 274 sanemarina
555 243 638 274 aqua
661 233 775 265 dicitur
797 244 895 267 exesse
923 237 951 266 et
973 237 1135 267 extenuare
1163 238 1198 268 ut
1225 239 1322 268 cetera
1349 238 1393 270 sic

107 297 217 328 corpus
238 288 417 320 humanum.
508 300 543 319 nv
566 300 671 319 arom
686 298 747 328 pro
775 288 810 319 in
834 287 920 326 litus,
948 290 984 319 ut
1011 298 1115 320 arma
1142 290 1206 322 sub
1236 291 1392 323 adversa

103 343 232 382 posuit
251 342 449 374 radiantia
472 351 606 382 quercu
623 352 684 382 pro
708 341 763 373 sub
786 343 947 374 adversam
970 352 1122 382 quercum.

198 395 268 427 174.
301 403 406 427 S1L101
431 403 644 427 scmTILLAM
668 403 826 427 Excva
846 395 928 427 bene
949 395 1068 427 adiecit
1087 396 1240 438 speciem,
1261 397 1337 438 quia
1356 398 1390 429 in
1409 404 1425 428 5

105 448 265 491 lapidibus
290 448 386 480 certis
410 448 574 480 invenitur
598 449 693 490 ignis.
722 448 883 481 ‘excudit’
909 451 1019 482 autem
1043 451 1092 481 est
1115 450 1261 481 feriendo
1286 450 1390 492 eiecit,

105 502 182 544 quia
204 502 319 534 cudere
343 503 393 534 est
415 502 525 543 ferire3
549 502 633 534 unde
657 505 690 534 et
714 503 805 534 incus
829 503 961 545 dicitur,
987 503 1073 545 quod
1097 503 1166 535 illic
1190 503 1313 546 aliquid
1337 515 1388 536 cu-

103 555 232 598 damus,
253 556 287 588 id
311 559 361 589 est
383 557 549 589 feriamus.
627 565 786 589 ACHATES
807 557 928 589 adlusit
948 557 988 589 ad
1007 568 1138 596 nomen,
1162 569 1237 589 nam
1257 557 1388 589 achates

79 609 221 651 -lapidis
245 610 368 651 species
393 611 456 642 est:
487 610 568 641 bene
597 620 676 651 ergo
704 610 812 652 ipsum
840 610 920 642 dicit
948 610 1059 652 ignem
1089 611 1259 643 excusisse.
1304 611 1388 643 unde

102 663 201 696 etiam
230 662 378 696 Achaten
407 663 475 695 eius
505 663 658 695 comitem
687 663 777 695 dixit.
829 663 950 695 lectum
984 665 1033 695 est
1063 664 1149 696 enim
1182 664 1216 695 in
1244 665 1388 696 naturali
1409 671 1441 696 10

101 717 239 750 historia
262 717 375 758 Plinii,
399 716 485 759 quod
510 717 538 748 si
563 717 634 758 quis
658 717 745 749 hunc
769 717 911 758 lapidem
940 717 975 748 in
999 717 1097 749 anulo
1126 717 1292 759 habuerit,
1308 728 1387 760 gra-

101 770 219 803 tiosior
242 772 300 804 est,

193 824 264 856 175,
298 832 466 857 SVCOEPIT
491 835 548 865 pro
574 823 732 865 suscepit,
756 825 792 855 ut
816 823 956 855 diximus
981 835 1087 865 supra.

192 877 263 910 176.
296 890 486 910 ivr-mmmm
512 876 616 909 Cicero
648 877 683 909 in
718 877 846 909 Oratore
877 878 940 909 scd
969 878 1064 918 quod
1090 878 1245 910 educata
1276 878 1387 911 buius

97 931 342 963 nutrimentis
383 931 594 971 eloquentia
636 931 719 971 ipsa
755 942 790 962 se
825 933 955 971 postea
991 931 1141 963 colorat.
1246 940 1386 963 RAPVIT-
1407 939 1439 963 15

99 993 169 1023 QVE
207 994 245 1017 IN
281 994 412 1017 FOMlTE
452 993 626 1016 FLAMMAM
664 995 768 1026 paene
804 984 1058 1025 soloecophanes
1098 986 1160 1025 est;
1198 996 1274 1016 nam
1311 996 1384 1017 cum

97 1039 313 1071 mutationem
342 1039 477 1071 verbum
510 1038 685 1079 significet,
720 1038 864 1070 ablativo
895 1049 973 1069 usus
1007 1039 1069 1069 est:
1103 1038 1158 1070 sed
1191 1038 1253 1070 hoc
1287 1039 1385 1071 solvit

97 1094 155 1124 aut
187 1092 322 1134 antiqua
350 1092 435 1123 circa
463 1102 650 1123 communes
676 1091 933 1133 praepositiones
966 1091 1112 1132 licentia,
1145 1094 1182 1123 ut
1210 1094 1260 1123 est
1292 1103 1383 1124 con-

97 1145 211 1177 ditus
253 1145 293 1177 in
334 1145 495 1186 nubem,
538 1146 649 1176 contra
691 1147 731 1176 et
772 1147 872 1176 nota
914 1144 1148 1176 conduntur
1189 1145 1229 1176 in
1274 1146 1383 1188 alvo,

96 1199 175 1231 item
214 1210 337 1231 saeva
375 1198 522 1230 sedens
562 1209 684 1239 super
722 1209 832 1230 arma
870 1200 902 1229 et
938 1198 1125 1239 geminae
1162 1210 1285 1240 super
1320 1211 1382 1231 ar·
1402 1207 1437 1230 20

95 1253 196 1285 bore
221 1252 373 1284 sidunt.
420 1251 533 1283 Cicero
565 1251 664 1293 quod
692 1252 762 1283 ille
791 1252 829 1283 in
859 1252 987 1293 capite
1016 1252 1062 1284 ab
1091 1252 1263 1284 hostium
1292 1252 1382 1285 duce

171 1370 185 1394 1
206 1366 314 1402 omnes]
335 1366 367 1393 A.
387 1366 399 1391 Ι
421 1367 524 1400 122113
545 1366 634 1401 arma]
655 1367 686 1392 A.
708 1366 773 1392 VIII
794 1369 844 1393 616
859 1367 868 1400 [Ι
887 1369 902 1392 6
923 1366 1035 1392 excudit
1055 1387 1060 1392 .
1082 1387 1087 1392 .
1108 1388 1113 1393 .
1134 1366 1276 1401 feriamus]
1296 1375 1380 1395 exscr.

96 1403 255 1430 Priscianus
273 1402 298 1428 X
318 1405 351 1428 23
372 1403 393 1430 (l
413 1411 439 1436 p.
460 1404 524 1434 515,
545 1405 578 1428 22
598 1402 651 1435 Η.).
678 1401 711 1428 cf.
738 1401 800 1427 Isid.
826 1410 864 1428 or.
890 1401 952 1427 XIX
973 1405 1000 1434 7,
1023 1405 1033 1428 1
1058 1403 1067 1435 ΙΙ
1092 1404 1125 1427 14
1149 1401 1245 1429 Cicero
1264 1402 1293 1428 in
1314 1402 1379 1429 Ora-

95 1439 168 1472 tore]
190 1442 232 1469 13,
252 1441 285 1464 42
309 1438 318 1471 ΙΙ
344 1441 375 1464 16
394 1446 483 1472 paene
503 1437 722 1471 soloecophanes
742 1446 764 1464 e.
780 1446 807 1470 q.
823 1438 856 1471 s.]
878 1437 911 1464 cf.
933 1437 1008 1465 Serv.
1029 1446 1128 1464 comm.
1148 1438 1177 1463 in
1191 1438 1260 1464 Don.
1276 1447 1303 1472 p.
1319 1440 1379 1470 419,

95 1478 130 1501 30
149 1474 181 1500 K.
205 1475 215 1508 ΙΙ
240 1477 271 1500 19
292 1473 433 1508 conditus]
453 1481 547 1507 georg.
568 1474 579 1499 I
599 1476 650 1499 442
674 1474 683 1507 ΙΙ
706 1474 734 1499 et
753 1473 832 1508 nota]
852 1473 884 1499 A.
904 1473 929 1499 II
949 1476 999 1499 401
1020 1474 1030 1506 ΙΙ
1048 1476 1082 1499 20
1102 1472 1197 1507 saeva]
1218 1473 1250 1499 A.
1269 1473 1281 1499 I
1302 1476 1352 1500 295
1372 1493 1373 1496 ,

94 1509 236 1544 geminae]
256 1510 324 1536 Aen.
344 1509 382 1536 VI
401 1512 453 1535 203
477 1509 486 1542 ΙΙ
509 1512 541 1535 21
563 1508 672 1543 Cicero]
692 1508 722 1534 in
740 1509 818 1535 Verr.
838 1510 892 1536 act.
912 1509 937 1534 II
956 1509 1006 1536 lib.
1026 1509 1050 1535 V
1069 1511 1084 1535 3

165 1621 181 1644 3
201 1625 300 1651 corpus
319 1625 352 1643 ea:
371 1625 471 1650 curpus
491 1615 566 1650 (1114
585 1616 648 1650 pro]
670 1624 688 1650 q
711 1616 737 1641 P
749 1616 759 1650 ΙΙ
773 1618 788 1642 5
809 1617 845 1643 ad
863 1624 887 1642 v.
905 1619 955 1643 174
971 1616 1010 1642 Ac
1030 1616 1150 1649 primum
1171 1637 1176 1642 .
1193 1638 1198 1642 .
1215 1638 1220 1643 .
1241 1616 1377 1651 Achates]

93 1654 164 1680 benc
183 1653 286 1680 adiecit
304 1651 426 1686 speciem
447 1673 474 1679 ..
492 1673 498 1679 .
520 1651 654 1678 cudamus
677 1651 707 1678 id
731 1653 774 1678 est
796 1651 938 1678 feriamus,
981 1651 1116 1686 Achates]
1141 1651 1246 1678 adlusit
1269 1651 1304 1678 ad
1329 1660 1377 1678 no-

93 1697 159 1716 men
258 1688 403 1715 excusisse.
432 1688 459 1713 1>
479 1689 488 1722 ΙΙ
512 1697 590 1713 mmm
616 1687 687 1714 KC':
716 1697 809 1714 smms
834 1687 1010 1714 BL11M0²
1032 1688 1041 1720 11
1065 1687 1131 1720 quia
1156 1708 1161 1713 .
1184 1709 1188 1714 .
1210 1709 1214 1714 .
1239 1686 1325 1722 ignis]
1348 1687 1377 1713 in

93 1724 176 1752 certis
196 1724 271 1751 enim
289 1723 430 1758 lapidibus
454 1722 526 1757 ignis
550 1724 593 1749 est
611 1723 638 1749 B
661 1724 670 1757 ΙΙ
694 1727 709 1750 6
734 1723 817 1749 certis
842 1722 981 1756 lapidibus
1007 1723 1041 1748 M
1063 1724 1072 1756 ΙΙ
1096 1723 1189 1748 autem
1214 1724 1257 1749 est
1280 1731 1329 1749 om.
1352 1723 1379 1748 P

93 1761 136 1787 est
164 1769 214 1787 om.
243 1760 276 1786 H
295 1760 304 1794 11
327 1758 482 1786 infcriendo
511 1759 542 1784 K
572 1758 721 1786 effen'cndo
750 1759 775 1784 L
797 1760 806 1792 fl
830 1758 912 1785 eiecit
940 1758 1003 1784 LH
1030 1758 1180 1784 Vossianus
1204 1758 1376 1790 Burmanni,

95 1796 238 1822 Prisciani
252 1795 400 1822 Bernensis
419 1804 453 1821 m.
468 1803 532 1821 sec„-
551 1794 628 1821 elicit
646 1795 711 1820 RK
716 1794 739 1821 Ο
744 1794 779 1820 Μ
785 1795 794 1820 l
812 1794 879 1821 eicit
894 1794 1035 1820 Lcidensis
1050 1796 1073 1819 et
1089 1794 1192 1827 Reyius
1206 1794 1375 1826 Burmanni,

94 1832 238 1858 Prisciani
255 1831 405 1858 Ber-nensis
423 1830 490 1857 iecit
513 1831 612 1864 reliqui
636 1831 700 1857 libri
722 1830 864 1856 Prisciani
887 1831 896 1863 ΙΙ
919 1832 935 1855 8
959 1829 1103 1864 feriamus]
1130 1829 1254 1855 feriendo
1278 1838 1375 1863 procu-

92 1867 191 1894 damns
209 1867 237 1893 B
261 1866 386 1893 feriendo
409 1866 595 1900 producamus
620 1867 657 1892 M
679 1869 703 1892 ct
730 1866 858 1891 Isidorus
880 1867 889 1899 ss
913 1868 928 1891 9
952 1864 1091 1891 excusisse
1114 1864 1170 1890 BG
1178 1864 1203 1889 P
1225 1864 1258 1896 cf.
1284 1865 1375 1891 Diom.

89 1911 119 1937 p.
134 1906 195 1936 369,
211 1906 226 1929 2
241 1903 278 1929 K.
296 1902 384 1929 Prisc.
400 1902 452 1935 [p.
463 1905 524 1934 515,
541 1905 573 1927 16
590 1902 641 1929 H.:
656 1901 808 1928 excussisse
823 1901 960 1926 KLHM
975 1902 983 1934 ΙΙ
1000 1903 1032 1926 10
1047 1900 1158 1926 achtem
1175 1900 1205 1925 J(
1216 1900 1225 1933 ss
1242 1903 1272 1926 11
1289 1900 1376 1933 plenii

92 1939 125 1965 K
144 1939 154 1972 ΙΙ
177 1938 319 1972 habuerit]
339 1937 444 1964 habeat
457 1938 484 1964 Β
504 1938 540 1964 ad
559 1937 716 1964 custodiam
736 1937 795 1963 eius
815 1936 926 1970 proficit
946 1937 974 1962 et
993 1936 1057 1962 aad.
1074 1935 1109 1967 0,
1129 1936 1227 1969 quibus
1246 1936 1376 1962 turbatur

91 1975 230 2001 cnwntiati
258 1974 445 2006 conformatio.
483 1974 518 2006 cf.
549 1973 626 2000 Plin.
655 1975 712 1999 nat.
737 1973 798 1999 bist.
828 1972 957 1998 XXXVII
988 1974 1037 1997 139
1057 1979 1110 2004 sqq.
1139 1973 1164 1997 et
1192 1971 1275 1997 Salm.
1299 1971 1373 1997 Plin.

91 2010 198 2036 exercit.
215 2018 243 2043 p.
265 2013 298 2036 92
319 2010 328 2043 ss
354 2012 384 2035 12
405 2010 448 2035 est
466 2009 576 2035 KLH:
595 2017 644 2035 om.
667 2008 690 2034 O
714 2016 772 2034 esse
792 2007 921 2034 uideatur
940 2007 1010 2032 ΒΜ
1016 2006 1065 2033 0³2
1093 2014 1151 2033 esse
1172 2006 1308 2032 uideatur.
1329 2007 1375 2032 uel

91 2045 156 2072 ideo
176 2045 296 2072 Achates
316 2046 426 2071 Aeneae
451 2053 544 2071 comes
563 2044 677 2076 dicitur,
703 2044 770 2077 quia
794 2042 953 2069 sollicitudo
978 2050 1070 2068 comes
1096 2042 1139 2068 est
1161 2042 1286 2076 regibus;
1306 2039 1375 2075 ἄχος

93 2080 167 2107 enim
188 2089 254 2107 cura
273 2080 376 2107 dicitur
394 2081 423 2106 et
441 2080 609 2107 sollicitudo.
631 2080 659 2105 D
673 2081 682 2113 ΙΙ
707 2083 738 2105 13
764 2079 794 2105 ut
814 2087 897 2112 supra
916 2078 1022 2104 dictum
1042 2079 1085 2104 est
1103 2077 1208 2110 BGM,
1228 2078 1284 2103 nisi
1302 2079 1374 2111 quod

92 2116 165 2143 sicut
180 2117 222 2144 M.
243 2117 274 2142 ut
290 2116 410 2142 diximus
425 2115 551 2149 superius
570 2116 595 2141 L
609 2117 619 2150 ss
635 2118 666 2141 14
682 2116 718 2142 ad
732 2123 755 2141 v.
775 2118 823 2141 176
843 2113 1030 2140 Nutrimenta.
1058 2113 1217 2147 Rapuitque
1232 2112 1261 2138 in
1276 2112 1373 2139 fomite

92 2151 246 2187 flammam]
274 2160 362 2186 paene
386 2151 580 2185 solicophanes
604 2152 647 2178 est
666 2171 671 2177 .
688 2171 715 2177 ..
741 2150 898 2177 conduntur
921 2149 949 2176 in
974 2149 1046 2176 aluo.
1084 2157 1150 2175 sane
1174 2148 1285 2175 fomites
1309 2149 1373 2174 sunt

93 2187 203 2214 assulae
223 2209 229 2215 .
245 2209 250 2215 .
267 2209 273 2213 .
293 2187 404 2214 nomine
424 2188 548 2221 excepto.
571 2187 598 2213 P
619 2188 628 2220 ΙΙ
652 2186 699 2213 sed
718 2185 792 2219 quod
813 2185 932 2212 educata
952 2185 1089 2211 Ciceronis
1109 2185 1187 2211 libri:
1212 2185 1240 2210 et
1258 2183 1306 2217 qui
1326 2184 1371 2209 de-

91 2222 176 2250 ducta
204 2223 227 2250 Ο
247 2224 256 2256 ΙΙ
281 2226 313 2249 15
341 2222 517 2249 nutrimentis
547 2223 684 2249 Ciceronis
712 2222 790 2248 libri:
817 2220 989 2247 nutrimenta
1018 2220 1041 2247 0
1060 2220 1070 2253 11
1098 2220 1206 2246 colorat
1235 2218 1372 2245 Ciceronis

92 2258 170 2285 libri:
194 2258 331 2286 calorauit
354 2258 377 2285 C
398 2260 407 2292 ss
434 2261 463 2284 16
491 2258 692 2292 solycophanes
715 2256 774 2283 ΒΟ
799 2257 1014 2290 soloetophanes
1034 2256 1065 2282 K
1091 2255 1284 2289 solicophaucs
1304 2254 1373 2280 LM

93 2294 289 2329 solycophanis
308 2294 341 2320 H
360 2295 369 2328 ss
394 2296 425 2320 18
446 2293 551 2320 circum
570 2294 637 2320 KH
657 2297 666 2327 Η
689 2296 721 2319 21
749 2292 816 2327 quid
842 2293 878 2318 M
899 2293 908 2326 ΙΙ
932 2291 1024 2326 capite
1044 2300 1076 2318 cz
1095 2290 1207 2325 cappite
1227 2290 1252 2315 L
1276 2289 1305 2316 in
1325 2298 1369 2316 ca-

91 2330 143 2363 put
159 2337 289 2364 superser.
310 2330 319 2356 l
341 2330 351 2363 u
374 2329 477 2357 ostium
495 2329 527 2355 K
