1630 2684
490 131 602 158 COMM.
622 131 662 158 IN
684 130 790 157 VERG.
810 131 893 157 AEN.
914 132 934 158 Ι.
955 135 1105 158 652-661.
1377 132 1439 163 189

156 214 281 255 dicunt,
305 216 341 246 ut
358 213 521 245 Iuvenalis
546 214 747 253 segmenta
771 213 808 243 et
832 212 971 253 longos
994 212 1168 252 habitus,
1192 213 1269 245 licet
1294 223 1439 254 segmen-

157 270 242 299 tatas
271 270 376 300 vestes
404 267 561 306 dicamus,
590 268 627 297 ut
655 265 724 306 ipse
756 267 792 297 et
822 266 1079 306 segmentatis
1113 266 1322 298 dormisset
1355 278 1438 307 par-

157 321 248 353 vula
271 320 386 353 cunis.

246 374 321 406 655.
356 381 520 405 BACATVM
553 374 703 404 ornatum
736 372 932 414 margaritis.
984 372 1121 403 dicimus
1155 374 1263 403 autem
1295 375 1328 404 et
1359 373 1440 404 haec

157 427 335 469 margarita
358 429 390 458 et
414 426 475 459 hoc
499 426 714 467 margaritum
739 427 772 457 et
794 425 874 457 haec
899 426 1073 467 margaris,
1098 426 1183 467 quod
1199 425 1356 457 Graecum
1382 429 1439 468 est,
1458 431 1473 454 5

156 492 219 523 quo
242 480 339 512 modo
362 479 452 512 Nais.
490 490 567 511 sane
591 480 687 511 multi
712 481 865 520 separant
889 489 1050 521 gemmam
1076 491 1094 510 a
1117 480 1311 521 margarita,
1334 482 1371 511 ut
1389 479 1439 511 Oi-

156 545 228 566 cero
251 534 397 566 nullam
422 543 607 575 gemmam
631 535 698 565 aut
721 532 989 574 margaritam,
1013 534 1046 564 et
1069 543 1215 574 gemmas
1239 533 1353 565 velunt
1376 532 1439 564 dici

154 587 272 620 diversi
296 587 429 628 coloris,
457 586 652 628 margaritas
677 598 752 618 vero
784 587 888 628 albas3
917 587 968 618 vel
997 596 1142 627 gemmas
1167 587 1326 629 integras.⁷
1354 598 1439 618 mar-

154 641 278 683 garitas
307 643 465 682 pertusas.
560 649 742 672 DVPLIOEM
772 642 828 672 aut
858 640 972 681 latam,
1005 642 1041 671 ut
1074 640 1221 681 duplici
1255 642 1439 682 aptantur

129 695 327 728 -dentalia
358 695 487 736 dorso,
520 694 600 725 item
634 696 673 725 at
705 694 847 735 duplex
880 694 1011 735 agitur
1038 705 1104 735 per
1133 694 1283 726 lumbos
1313 694 1437 735 spina:
1461 699 1492 721 10

155 750 212 781 aut
240 751 326 781 certe
355 760 390 780 re
421 759 498 780 vera
521 747 680 789 duplicem
710 747 847 789 gemmis
872 749 905 779 et
929 758 1015 779 auro.
1061 757 1136 779 sane
1159 745 1299 779 inmiscet
1321 747 1438 778 Roma-

152 812 228 834 nam
250 802 512 840 consuetudinem
536 802 656 833 coronis
678 802 760 833 enim
781 801 917 841 feminae
939 801 1112 833 utebantur.

242 855 317 887 656.
354 864 447 887 HAEC
472 863 649 886 CELERANS
674 855 823 886 celeriter
845 855 952 886 facere
976 855 1117 896 cupiens.

241 909 315 941 657.
352 918 397 940 AT
417 917 599 940 CYTHEREA
624 908 664 939 ab
683 908 790 940 insula
809 919 890 950 quae
913 919 1047 940 numero
1071 909 1196 940 tantum
1222 908 1340 950 plurali
1361 908 1437 940 dici-

152 964 222 1004 tur,
249 964 285 994 ut
314 964 403 994 sunt
432 962 512 994 alta
537 961 714 1003 Cythera.
804 971 917 994 NOVAS
941 971 1051 994 ARTES
1076 973 1128 993 ars
1151 962 1220 994 τῶν
1244 962 1355 1004 μέσων
1379 964 1437 1004 est,
1458 970 1489 992 15

153 1016 237 1048 unde
261 1016 330 1048 sine
355 1015 500 1057 epitheto
525 1015 608 1047 male
632 1015 773 1056 ponitur.
819 1018 929 1047 veteres
947 1018 1049 1047 antem
1068 1018 1149 1047 artes
1166 1027 1227 1056 pro
1246 1017 1324 1048 dolis
1341 1027 1436 1057 pone-

152 1070 239 1111 bant,
257 1072 293 1101 ut
308 1069 468 1101 Terentius
485 1070 520 1101 in
534 1069 666 1100 hcanton
683 1069 884 1101 timormneno
904 1069 1246 1112 offendi-quendam
1264 1070 1317 1102 ibi
1335 1071 1437 1102 mili-

152 1126 219 1156 tem
247 1124 325 1156 eius
348 1125 491 1155 noctem
515 1125 698 1154 orantem:
726 1122 813 1154 haee
835 1125 916 1154 arte
939 1123 1125 1164 tractabat
1146 1124 1279 1162 virum,
1308 1124 1379 1155 item
1403 1124 1437 1155 in

151 1177 340 1209 Phormione
366 1177 555 1216 artificem
578 1176 751 1217 probum;
782 1187 857 1207 nam
885 1179 914 1207 et
937 1176 1049 1208 Graeci
1072 1177 1156 1209 dolos
1179 1177 1295 1219 τέχνας
1323 1178 1437 1216 dieunt,

151 1233 187 1262 ut
208 1231 243 1263 in
265 1231 394 1263 secundo
411 1231 634 1271 periurique
656 1232 735 1261 arte
758 1229 922 1262 Sinonis.
1456 1237 1490 1260 20

241 1284 315 1316 658.
353 1293 483 1316 FACOEM
502 1292 664 1315 MVTATVS
688 1285 767 1315 nota
789 1283 896 1324 figura
915 1285 972 1315 est.
1011 1284 1097 1326 quod
1119 1286 1226 1316 autem
1247 1285 1369 1317 addidit
1393 1284 1437 1316 ‘et

154 1336 232 1379 ora',
254 1338 472 1379 perissologia
496 1338 553 1369 est.

241 1390 315 1422 659.
352 1400 540 1423 FVRENTEM
564 1400 743 1422 ΙΝΟΕΝΒΑΤ
768 1400 928 1422 REGINAM
957 1391 1108 1423 incendat
1136 1394 1168 1423 et
1197 1391 1303 1424 furere
1328 1392 1436 1433 faciat,

152 1446 188 1476 ut
208 1444 451 1486 animumque
470 1445 670 1476 labantem
689 1445 843 1486 inpulit.
936 1458 1069 1477 nvpmcrr
1080 1446 1208 1486 proprie
1221 1446 1283 1483 ait,-
1303 1446 1436 1485 inpliciti

152 1499 234 1530 enim
257 1498 360 1530 morbo
384 1499 543 1536 dimmtm·;
567 1509 642 1530 nam
666 1501 694 1529 et
716 1508 804 1529 amor
827 1498 957 1531 morbus.
1455 1505 1488 1528 25

242 1550 316 1584 661.
352 1561 477 1583 DOMVM
497 1561 604 1583 ΤΙΜΕΤ
624 1560 810 1583 AMBIGVAM
835 1552 868 1583 in
888 1563 951 1593 qua
970 1551 1099 1583 habitat
1118 1552 1284 1584 mutabilis
1305 1552 1436 1593 femina,

151 1607 189 1637 ut
216 1606 365 1638 varium
394 1607 431 1637 et
457 1606 645 1637 mutabile
679 1617 828 1647 semper
860 1606 1017 1646 femina,
1045 1605 1124 1637 item
1148 1605 1229 1637 Iuno
1258 1606 1291 1637 in
1320 1608 1435 1648 quarto

152 1661 357 1701 suspectas
389 1641 574 1691 habuihse
605 1659 734 1691 domos
766 1657 1021 1700 Carthaginis
1055 1659 1168 1691 altae.
1265 1661 1433 1699 mmmmm]

223 1785 237 1809 1
259 1783 410 1817 Iuvenalis]
431 1783 483 1810 sat.
503 1783 528 1809 II
551 1786 600 1809 124
620 1784 649 1809 et
666 1783 704 1809 VI
725 1784 782 1816 8911
804 1786 820 1809 4
840 1782 957 1809 dicimus
978 1804 983 1808 .
1005 1804 1009 1809 .
1031 1803 1036 1809 .
1057 1782 1254 1817 margaritum]
1274 1783 1308 1809 ef.
1330 1782 1434 1810 Charis.

151 1827 177 1852 p.
194 1821 236 1852 57,
251 1821 284 1845 27
300 1819 333 1846 Κ
363 1818 470 1845 Nonius
489 1828 515 1853 p.
532 1822 582 1845 213
598 1818 635 1844 M.
650 1820 659 1852 11
673 1818 791 1845 dicimus
811 1819 905 1845 autem
926 1839 931 1844 .
949 1839 953 1844 .
970 1840 975 1844 .
995 1818 1137 1853 pertusas]
1157 1827 1242 1845 exscr.
1263 1819 1341 1845 Luct.
1359 1819 1434 1845 Plae.

151 1853 188 1880 ad
208 1854 276 1880 Stat.
296 1854 382 1881 Theb.
403 1854 441 1880 VI
462 1857 494 1880 63
513 1855 523 1888 11
544 1857 560 1881 6
581 1853 689 1889 Cicero]
714 1854 743 1880 in
762 1854 838 1880 Verr.
859 1855 911 1880 act.
931 1854 957 1879 ΙΙ
976 1856 1079 1886 4,1,1
1101 1854 1110 1887 11
1133 1857 1148 1879 9
1169 1853 1287 1888 duplici]
1307 1862 1402 1888 georg.
1424 1856 1434 1880 I

153 1892 203 1916 172
221 1891 231 1924 11
252 1893 284 1916 10
303 1891 334 1916 at
352 1890 468 1924 duplex]
487 1898 581 1924 georg.
603 1890 640 1916 III
660 1892 692 1916 87
714 1891 723 1924 11
747 1892 779 1916 15
800 1890 875 1924 sunt]
896 1890 928 1915 A
949 1889 973 1914 X
993 1891 1026 1915 86
1046 1890 1055 1923 11
1080 1892 1111 1915 17
1131 1889 1160 1915 111
1178 1890 1303 1916 heauton
1321 1889 1435 1916 timaru-

152 1925 247 1960 meno]
268 1925 292 1952 11
311 1926 427 1959 3,12411
443 1928 474 1952 19
493 1926 522 1951 111
542 1925 723 1959 Phormione]
743 1925 769 1951 II
790 1928 813 1958 1,
829 1928 861 1951 29
877 1926 885 1959 11
901 1928 934 1950 20
954 1924 982 1950 111
1001 1924 1135 1959 secundo]
1156 1926 1277 1959 1951124
1297 1925 1432 1952 animum

153 1961 218 1996 que]
240 1962 272 1988 A.
292 1961 329 1987 IV
351 1962 455 1995 221127
475 1961 595 1996 varium]
616 1961 648 1988 A.
669 1961 706 1987 lV
726 1962 801 1994 56911
816 1964 849 1987 28
869 1960 1025 1995 suspectas]
1044 1961 1077 1986 A.
1097 1960 1134 1986 IV
1156 1964 1188 1987 97

225 2081 237 2104 1
258 2077 357 2105 habitu
375 2078 447 2104 ΒΜ
468 2078 477 2112 11
501 2081 517 2104 4
536 2078 573 2104 ad
591 2086 614 2104 v
637 2080 686 2104 655
716 2077 853 2103 Bacatum
877 2075 1079 2111 (bacchatumss
1108 2078 1238 2104 ornatum
1266 2077 1432 2111 margaritis.

151 2112 299 2147 Duplicem
323 2113 466 2148 coronam]
491 2117 541 2140 aut
564 2113 652 2140 latam
677 2134 682 2139 .
704 2133 709 2138 .
763 2112 859 2145 dorso,
887 2113 937 2138 aut
960 2119 989 2137 re
1013 2120 1080 2138 uera
1105 2112 1245 2146 duplicem
1268 2113 1387 2147 gemmis
1406 2115 1435 2140 et

151 2157 227 2176 auro.
244 2149 272 2175 P
283 2150 293 2183 11
307 2152 322 2175 5
337 2149 485 2184 margar-is]
505 2149 673 2183 margaritas
689 2148 712 2174 0
732 2133 895 2181 margaritis
911 2147 945 2173 C‘
974 2148 1111 2182 margar-is
1127 2148 1161 2175 0³
1174 2149 1183 2182 11
1199 2152 1212 2175 7
1233 2149 1374 2182 geminam
1391 2149 1414 2175 C
1426 2150 1428 2184 1

152 2185 181 2210 et
199 2193 324 2219 gemmas
344 2206 350 2212 .
367 2205 372 2210 ,
389 2207 395 2212 .
414 2186 542 2219 pertusas
561 2193 611 2212 om.
630 2184 654 2211 0
665 2186 674 2218 11
690 2187 722 2210 14
742 2184 778 2210 ad
796 2191 820 2210 v.
837 2186 887 2209 657
908 2183 945 2209 At
963 2182 1002 2217 Cy
985 2183 1112 2245 ytherea]
1133 2184 1168 2210 ab
1187 2184 1280 2210 insula
1299 2206 1304 2211 .
1322 2205 1327 2211 .
1344 2205 1349 2210 .
1371 2186 1435 2210 sunt

151 2219 211 2246 alta
229 2219 349 2254 Cythera
368 2220 505 2254 (cithera).
528 2221 554 2246 P
575 2221 584 2254 ΙΙ
609 2223 640 2247 16
661 2219 785 2254 ponitur,
805 2219 836 2245 ut
854 2218 941 2245 bonas
961 2219 1034 2245 artes
1053 2228 1100 2246 ma
1112 2228 1197 2253 asque
1217 2221 1289 2246 artes
1309 2219 1434 2245 dicamus

152 2256 255 2290 zulyoll
270 2259 301 2283 17
317 2257 349 2282 ut
363 2256 398 2282 F.
409 2256 571 2282 Schoellius:
591 2257 620 2282 et
635 2255 658 2282 0
669 2256 678 2289 11
691 2253 841 2281 terrentius
858 2254 880 2280 C
892 2255 901 2288 11
917 2257 948 2280 19
968 2254 1064 2281 techas
1080 2255 1103 2282 G
1120 2256 1246 2288 (technas
1260 2264 1332 2282 man
1349 2256 1433 2290 reci)

152 2293 185 2316 21
205 2292 242 2318 ad
255 2300 279 2317 v.
295 2294 347 2318 658
367 2291 479 2318 Faciem
498 2291 634 2326 mutatus]
654 2292 743 2317 nota.
774 2289 978 2324 .perissologia
993 2292 1043 2317 est.
1061 2291 1156 2325 Ρ1123
1176 2290 1307 2318 incendat
1325 2298 1374 2316 om.
1392 2290 1427 2316 0
1433 2292 1434 2306 ¹

153 2329 187 2352 24
204 2326 346 2353 labentem
365 2327 423 2353 BL
445 2328 454 2361 11
481 2330 515 2353 26
536 2327 573 2353 ad
591 2335 614 2354 v
636 2329 685 2353 661
706 2325 888 2360 Ambiguum]
907 2325 990 2352 modo
1010 2325 1158 2359 incertam,
1180 2326 1250 2353 alias
1271 2325 1433 2360 ambiguam

181 2382 186 2388 .
207 2383 212 2388 .
232 2363 362 2389 mentem.
386 2363 411 2388 P
427 2364 437 2396 11
455 2372 549 2389 nonvn
568 2372 706 2389 Aumuvnr
725 2361 808 2388 modo
827 2361 963 2387 incertam
982 2361 1011 2387 in
1031 2370 1087 2395 qua.
1107 2361 1130 2388 Ο
