<?xml version="1.0" encoding="UTF-8"?>
<!DOCTYPE html PUBLIC "-//W3C//DTD XHTML 1.0 Transitional//EN"
    "http://www.w3.org/TR/xhtml1/DTD/xhtml1-transitional.dtd">
<html xmlns="http://www.w3.org/1999/xhtml" xml:lang="en" lang="en">
 <head>
  <title>
</title>
<meta http-equiv="Content-Type" content="text/html;charset=utf-8" />
  <meta name='ocr-system' content='tesseract 3.04.00' />
  <meta name='ocr-capabilities' content='ocr_page ocr_carea ocr_par ocr_line ocrx_word'/>
</head>
<body>
  <div class='ocr_page' id='page_1' title='image "./invergiliicarmin00servuoft/invergiliicarmin00servuoft_0259.png"; bbox 0 0 1630 2684; ppageno 0'>
   <div class='ocr_carea' id='block_1_1' title="bbox 441 169 1393 201">
    <p class='ocr_par' dir='ltr' id='par_1_1' title="bbox 441 169 1393 201">
     <span class='ocr_line' id='line_1_1' title="bbox 441 169 1393 201; baseline -0.001 -2"><span class='ocrx_word' id='word_1_1' title='bbox 441 171 554 199; x_wconf 83' lang='lat' dir='ltr'>COMM.</span> <span class='ocrx_word' id='word_1_2' title='bbox 573 169 613 197; x_wconf 82' lang='lat' dir='ltr'><em>IN</em></span> <span class='ocrx_word' id='word_1_3' title='bbox 632 170 741 198; x_wconf 78' lang='lat' dir='ltr'><strong>VERG.</strong></span> <span class='ocrx_word' id='word_1_4' title='bbox 761 169 844 196; x_wconf 80' lang='lat' dir='ltr'><strong>AEN.</strong></span> <span class='ocrx_word' id='word_1_5' title='bbox 865 171 898 197; x_wconf 91' lang='lat'><em>11.</em></span> <span class='ocrx_word' id='word_1_6' title='bbox 921 172 1068 198; x_wconf 81' lang='lat'>158—166.</span> <span class='ocrx_word' id='word_1_7' title='bbox 1330 169 1393 201; x_wconf 82' lang='grc'><em>247</em></span> 
     </span>
    </p>
   </div>
   <div class='ocr_carea' id='block_1_2' title="bbox 107 252 1430 619">
    <p class='ocr_par' dir='ltr' id='par_1_2' title="bbox 107 252 1405 402">
     <span class='ocr_line' id='line_1_2' title="bbox 107 252 1395 298; baseline -0.005 -8"><span class='ocrx_word' id='word_1_8' title='bbox 107 256 253 298; x_wconf 79' lang='lat' dir='ltr'><em>praemia</em></span> <span class='ocrx_word' id='word_1_9' title='bbox 276 256 425 288; x_wconf 82' lang='lat' dir='ltr'><em>resolvam</em></span> <span class='ocrx_word' id='word_1_10' title='bbox 444 263 503 295; x_wconf 77' lang='lat' dir='ltr'><em>pro</em></span> <span class='ocrx_word' id='word_1_11' title='bbox 525 263 594 285; x_wconf 85' lang='lat' dir='ltr'><em>mea</em></span> <span class='ocrx_word' id='word_1_12' title='bbox 616 253 807 293; x_wconf 64' lang='lat' dir='ltr'><em>impunitate.</em></span> <span class='ocrx_word' id='word_1_13' title='bbox 844 254 874 284; x_wconf 78' lang='lat' dir='ltr'><em>el</em></span> <span class='ocrx_word' id='word_1_14' title='bbox 899 252 1016 284; x_wconf 76' lang='lat' dir='ltr'><em>videtur</em></span> <span class='ocrx_word' id='word_1_15' title='bbox 1039 253 1099 284; x_wconf 82' lang='lat' dir='ltr'><em>duo</em></span> <span class='ocrx_word' id='word_1_16' title='bbox 1116 253 1295 293; x_wconf 72' lang='lat' dir='ltr'><em>promittere</em></span> <span class='ocrx_word' id='word_1_17' title='bbox 1321 252 1395 284; x_wconf 83' lang='lat' dir='ltr'><em>Tro-</em></span> 
     </span>
     <span class='ocr_line' id='line_1_3' title="bbox 111 301 1405 351; baseline -0.004 -8"><span class='ocrx_word' id='word_1_18' title='bbox 111 310 209 349; x_wconf 80' lang='lat' dir='ltr'><em>ianis,</em></span> <span class='ocrx_word' id='word_1_19' title='bbox 228 301 337 351; x_wconf 76' lang='lat' dir='ltr'><em>primo</em></span> <span class='ocrx_word' id='word_1_20' title='bbox 362 308 577 348; x_wconf 70' lang='lat' dir='ltr'><em>veriloqdiam‚</em></span> <span class='ocrx_word' id='word_1_21' title='bbox 605 306 713 339; x_wconf 87' lang='lat' dir='ltr'><em>deinde</em></span> <span class='ocrx_word' id='word_1_22' title='bbox 739 306 869 338; x_wconf 83' lang='lat' dir='ltr'><em>salntem</em></span> <span class='ocrx_word' id='word_1_23' title='bbox 897 315 934 337; x_wconf 72' lang='lat' dir='ltr'><em>eac</em></span> <span class='ocrx_word' id='word_1_24' title='bbox 960 315 1087 337; x_wconf 79' lang='lat' dir='ltr'><em>suoram</em></span> <span class='ocrx_word' id='word_1_25' title='bbox 1113 307 1292 347; x_wconf 78' lang='lat' dir='ltr'><em>proditione.</em></span> <span class='ocrx_word' id='word_1_26' title='bbox 1337 306 1405 338; x_wconf 88' lang='lat' dir='ltr'><em>alii·</em></span> 
     </span>
     <span class='ocr_line' id='line_1_4' title="bbox 111 359 1052 402; baseline -0.005 -6"><span class='ocrx_word' id='word_1_27' title='bbox 111 364 218 396; x_wconf 75' lang='lat' dir='ltr'><em>volunt</em></span> <span class='ocrx_word' id='word_1_28' title='bbox 238 363 365 396; x_wconf 80' lang='lat' dir='ltr'><em>dubium</em></span> <span class='ocrx_word' id='word_1_29' title='bbox 387 372 461 402; x_wconf 82' lang='lat' dir='ltr'><em>esse,</em></span> <span class='ocrx_word' id='word_1_30' title='bbox 483 361 567 393; x_wconf 81' lang='lat' dir='ltr'><em>vobis</em></span> <span class='ocrx_word' id='word_1_31' title='bbox 588 360 704 401; x_wconf 77' lang='lat' dir='ltr'><em>feram,</em></span> <span class='ocrx_word' id='word_1_32' title='bbox 727 359 856 392; x_wconf 81' lang='lat' dir='ltr'><em>Graecis</em></span> <span class='ocrx_word' id='word_1_33' title='bbox 878 360 1052 400; x_wconf 76' lang='lat' dir='ltr'><em>rependam.</em></span> 
     </span>
    </p>

    <p class='ocr_par' dir='ltr' id='par_1_3' title="bbox 111 413 1430 619">
     <span class='ocr_line' id='line_1_5' title="bbox 203 413 1396 455; baseline -0.003 -6"><span class='ocrx_word' id='word_1_34' title='bbox 203 417 274 449; x_wconf 83' lang='lat'><strong>162.</strong></span> <span class='ocrx_word' id='word_1_35' title='bbox 311 424 416 448; x_wconf 81' lang='lat' dir='ltr'>OMNIS</span> <span class='ocrx_word' id='word_1_36' title='bbox 446 423 528 447; x_wconf 82' lang='lat' dir='ltr'><strong><em>SPES</em></strong></span> <span class='ocrx_word' id='word_1_37' title='bbox 556 422 705 446; x_wconf 77' lang='lat' dir='ltr'>DANAVM</span> <span class='ocrx_word' id='word_1_38' title='bbox 733 424 824 445; x_wconf 89' lang='lat' dir='ltr'><em>more</em></span> <span class='ocrx_word' id='word_1_39' title='bbox 853 424 910 446; x_wconf 90' lang='lat' dir='ltr'><em>suo</em></span> <span class='ocrx_word' id='word_1_40' title='bbox 940 425 959 445; x_wconf 85' lang='lat' dir='ltr'><strong>a</strong></span> <span class='ocrx_word' id='word_1_41' title='bbox 987 413 1072 445; x_wconf 87' lang='lat' dir='ltr'><em>veris</em></span> <span class='ocrx_word' id='word_1_42' title='bbox 1100 413 1231 455; x_wconf 75' lang='lat' dir='ltr'><strong>incipit:</strong></span> <span class='ocrx_word' id='word_1_43' title='bbox 1259 425 1335 445; x_wconf 84' lang='lat' dir='ltr'><em>nam</em></span> <span class='ocrx_word' id='word_1_44' title='bbox 1364 415 1396 445; x_wconf 90' lang='lat' dir='ltr'><em>et</em></span> 
     </span>
     <span class='ocr_line' id='line_1_6' title="bbox 111 466 1430 519; baseline -0.004 -16"><span class='ocrx_word' id='word_1_45' title='bbox 111 470 194 503; x_wconf 80' lang='lat' dir='ltr'><em>favit</em></span> <span class='ocrx_word' id='word_1_46' title='bbox 215 469 364 519; x_wconf 72' lang='lat' dir='ltr'><em>Minerva</em></span> <span class='ocrx_word' id='word_1_47' title='bbox 386 468 532 510; x_wconf 86' lang='lat' dir='ltr'><em>Graecis,</em></span> <span class='ocrx_word' id='word_1_48' title='bbox 557 470 589 499; x_wconf 90' lang='lat' dir='ltr'><em>et</em></span> <span class='ocrx_word' id='word_1_49' title='bbox 613 467 785 500; x_wconf 84' lang='lat' dir='ltr'><em>constabat</em></span> <span class='ocrx_word' id='word_1_50' title='bbox 807 468 938 508; x_wconf 78' lang='lat' dir='ltr'><em>raptum</em></span> <span class='ocrx_word' id='word_1_51' title='bbox 963 478 1032 498; x_wconf 86' lang='lat' dir='ltr'><em>esse</em></span> <span class='ocrx_word' id='word_1_52' title='bbox 1055 466 1248 499; x_wconf 83' lang='lat' dir='ltr'><em>Palladium.</em></span> <span class='ocrx_word' id='word_1_53' title='bbox 1338 476 1394 498; x_wconf 75' lang='grc' dir='ltr'><em>ΤΥ·</em></span> <span class='ocrx_word' id='word_1_54' title='bbox 1415 475 1430 498; x_wconf 85' lang='lat'>5</span> 
     </span>
     <span class='ocr_line' id='line_1_7' title="bbox 111 519 1395 564; baseline -0.004 -8"><span class='ocrx_word' id='word_1_55' title='bbox 111 532 218 556; x_wconf 74' lang='lat' dir='ltr'>DIDES</span> <span class='ocrx_word' id='word_1_56' title='bbox 242 532 309 556; x_wconf 83' lang='lat' dir='ltr'><em>SED</em></span> <span class='ocrx_word' id='word_1_57' title='bbox 332 531 420 555; x_wconf 80' lang='lat' dir='ltr'><strong>ENIM</strong></span> <span class='ocrx_word' id='word_1_58' title='bbox 443 522 733 564; x_wconf 84' lang='lat' dir='ltr'><em>hysteroproteron</em></span> <span class='ocrx_word' id='word_1_59' title='bbox 757 523 806 553; x_wconf 86' lang='lat' dir='ltr'><em>est</em></span> <span class='ocrx_word' id='word_1_60' title='bbox 833 520 906 553; x_wconf 74' lang='lat' dir='ltr'><em>‘sed</em></span> <span class='ocrx_word' id='word_1_61' title='bbox 930 521 1016 553; x_wconf 87' lang='lat' dir='ltr'><em>enim</em></span> <span class='ocrx_word' id='word_1_62' title='bbox 1040 532 1078 553; x_wconf 88' lang='lat' dir='ltr'><em>ex</em></span> <span class='ocrx_word' id='word_1_63' title='bbox 1103 532 1165 562; x_wconf 87' lang='lat' dir='ltr'><em>quo</em></span> <span class='ocrx_word' id='word_1_64' title='bbox 1190 520 1308 562; x_wconf 84' lang='lat' dir='ltr'><em>impius</em></span> <span class='ocrx_word' id='word_1_65' title='bbox 1333 519 1395 561; x_wconf 85' lang='lat' dir='ltr'><em>Ty-</em></span> 
     </span>
     <span class='ocr_line' id='line_1_8' title="bbox 112 574 1397 619; baseline -0.003 -9"><span class='ocrx_word' id='word_1_66' title='bbox 112 577 228 619; x_wconf 77' lang='lat' dir='ltr'><em>dides&#39;3</em></span> <span class='ocrx_word' id='word_1_67' title='bbox 249 588 327 609; x_wconf 77' lang='lat' dir='ltr'><em>nam</em></span> <span class='ocrx_word' id='word_1_68' title='bbox 349 575 573 619; x_wconf 84' lang='lat' dir='ltr'><em>hysterologia</em></span> <span class='ocrx_word' id='word_1_69' title='bbox 596 575 691 608; x_wconf 88' lang='lat' dir='ltr'><em>unius</em></span> <span class='ocrx_word' id='word_1_70' title='bbox 715 575 874 607; x_wconf 86' lang='lat' dir='ltr'><em>sermonis</em></span> <span class='ocrx_word' id='word_1_71' title='bbox 895 577 958 617; x_wconf 84' lang='lat' dir='ltr'><em>est,</em></span> <span class='ocrx_word' id='word_1_72' title='bbox 982 577 1018 607; x_wconf 89' lang='lat' dir='ltr'><em>ut</em></span> <span class='ocrx_word' id='word_1_73' title='bbox 1039 574 1090 616; x_wconf 87' lang='lat' dir='ltr'><em>&lt;V</em></span> <span class='ocrx_word' id='word_1_74' title='bbox 1110 575 1196 616; x_wconf 79' lang='lat'>663&gt;</span> <span class='ocrx_word' id='word_1_75' title='bbox 1220 576 1397 606; x_wconf 82' lang='lat' dir='ltr'><em>transtra</em></span> 
     </span>
    </p>
   </div>
   <div class='ocr_carea' id='block_1_3' title="bbox 21 632 396 674">
    <p class='ocr_par' dir='ltr' id='par_1_4' title="bbox 21 632 396 674">
     <span class='ocr_line' id='line_1_9' title="bbox 21 632 396 674; baseline -0.005 -10"><span class='ocrx_word' id='word_1_76' title='bbox 21 634 25 644; x_wconf 73' lang='lat'><em>²</em></span> <span class='ocrx_word' id='word_1_77' title='bbox 69 658 72 660; x_wconf 95' lang='lat'>.</span> <span class='ocrx_word' id='word_1_78' title='bbox 111 642 179 674; x_wconf 88' lang='lat' dir='ltr'><em>per</em></span> <span class='ocrx_word' id='word_1_79' title='bbox 201 632 240 663; x_wconf 87' lang='lat' dir='ltr'><em>et</em></span> <span class='ocrx_word' id='word_1_80' title='bbox 262 641 396 663; x_wconf 87' lang='lat' dir='ltr'><em>remos.</em></span> 
     </span>
    </p>
   </div>
   <div class='ocr_carea' id='block_1_4' title="bbox 111 682 1449 1101">
    <p class='ocr_par' dir='ltr' id='par_1_5' title="bbox 111 682 1448 778">
     <span class='ocr_line' id='line_1_10' title="bbox 202 682 1396 725; baseline -0.003 -8"><span class='ocrx_word' id='word_1_81' title='bbox 202 684 274 717; x_wconf 87' lang='lat'><strong>163.</strong></span> <span class='ocrx_word' id='word_1_82' title='bbox 311 693 431 716; x_wconf 77' lang='lat' dir='ltr'>IMPIVS</span> <span class='ocrx_word' id='word_1_83' title='bbox 459 694 535 716; x_wconf 86' lang='lat' dir='ltr'><em>vero</em></span> <span class='ocrx_word' id='word_1_84' title='bbox 562 684 697 725; x_wconf 87' lang='lat' dir='ltr'><em>propter</em></span> <span class='ocrx_word' id='word_1_85' title='bbox 723 683 857 714; x_wconf 86' lang='lat' dir='ltr'><em>numina</em></span> <span class='ocrx_word' id='word_1_86' title='bbox 885 682 1064 714; x_wconf 85' lang='lat' dir='ltr'><em>vulnerata.</em></span> <span class='ocrx_word' id='word_1_87' title='bbox 1156 695 1196 715; x_wconf 72' lang='lat' dir='ltr'><em>Ex</em></span> <span class='ocrx_word' id='word_1_88' title='bbox 1217 695 1272 718; x_wconf 71' lang='lat' dir='ltr'><em>Qvo</em></span> <span class='ocrx_word' id='word_1_89' title='bbox 1294 684 1396 714; x_wconf 76' lang='lat' dir='ltr'><em>autem</em></span> 
     </span>
     <span class='ocr_line' id='line_1_11' title="bbox 111 738 1448 778; baseline -0.002 -7"><span class='ocrx_word' id='word_1_90' title='bbox 111 739 157 773; x_wconf 82' lang='lat' dir='ltr'><em>vel</em></span> <span class='ocrx_word' id='word_1_91' title='bbox 178 739 228 771; x_wconf 90' lang='lat' dir='ltr'><em>die</em></span> <span class='ocrx_word' id='word_1_92' title='bbox 249 738 295 770; x_wconf 86' lang='lat' dir='ltr'><em>vel</em></span> <span class='ocrx_word' id='word_1_93' title='bbox 315 738 407 778; x_wconf 79' lang='lat' dir='ltr'><em>facto.</em></span> <span class='ocrx_word' id='word_1_94' title='bbox 1416 743 1448 768; x_wconf 91' lang='lat'><em>10</em></span> 
     </span>
    </p>

    <p class='ocr_par' dir='ltr' id='par_1_6' title="bbox 111 789 1395 887">
     <span class='ocr_line' id='line_1_12' title="bbox 203 789 1395 831; baseline -0.003 -7"><span class='ocrx_word' id='word_1_95' title='bbox 203 792 274 824; x_wconf 86' lang='lat'>164.</span> <span class='ocrx_word' id='word_1_96' title='bbox 312 799 566 830; x_wconf 76' lang='lat' dir='ltr'><strong>SCELERVMQVE</strong></span> <span class='ocrx_word' id='word_1_97' title='bbox 586 799 766 823; x_wconf 75' lang='lat' dir='ltr'><em>mvENron</em></span> <span class='ocrx_word' id='word_1_98' title='bbox 786 798 912 822; x_wconf 75' lang='lat' dir='ltr'><em>vmxns</em></span> <span class='ocrx_word' id='word_1_99' title='bbox 933 792 1058 830; x_wconf 72' lang='lat' dir='ltr'><em>propter</em></span> <span class='ocrx_word' id='word_1_100' title='bbox 1081 799 1112 821; x_wconf 84' lang='lat' dir='ltr'><em>se</em></span> <span class='ocrx_word' id='word_1_101' title='bbox 1134 791 1162 821; x_wconf 74' lang='lat' dir='ltr'><em>el</em></span> <span class='ocrx_word' id='word_1_102' title='bbox 1183 791 1317 831; x_wconf 88' lang='lat' dir='ltr'><em>propter</em></span> <span class='ocrx_word' id='word_1_103' title='bbox 1336 789 1395 821; x_wconf 86' lang='lat' dir='ltr'><em>Pa-</em></span> 
     </span>
     <span class='ocr_line' id='line_1_13' title="bbox 111 844 737 887; baseline -0.005 -8"><span class='ocrx_word' id='word_1_104' title='bbox 111 846 270 880; x_wconf 77' lang='lat' dir='ltr'><em>lamedem</em></span> <span class='ocrx_word' id='word_1_105' title='bbox 294 846 436 878; x_wconf 85' lang='lat' dir='ltr'><em>occisum</em></span> <span class='ocrx_word' id='word_1_106' title='bbox 460 845 562 887; x_wconf 90' lang='lat' dir='ltr'><em>ipsius</em></span> <span class='ocrx_word' id='word_1_107' title='bbox 585 844 737 877; x_wconf 83' lang='lat' dir='ltr'><em>factione.</em></span> 
     </span>
    </p>

    <p class='ocr_par' dir='ltr' id='par_1_7' title="bbox 111 896 1449 1040">
     <span class='ocr_line' id='line_1_14' title="bbox 202 896 1396 940; baseline -0.003 -8"><span class='ocrx_word' id='word_1_108' title='bbox 202 899 276 932; x_wconf 85' lang='lat'>165.</span> <span class='ocrx_word' id='word_1_109' title='bbox 311 908 447 931; x_wconf 75' lang='lat' dir='ltr'>FATALE</span> <span class='ocrx_word' id='word_1_110' title='bbox 475 899 544 930; x_wconf 76' lang='grc' dir='ltr'><em>τῶν</em></span> <span class='ocrx_word' id='word_1_111' title='bbox 566 898 677 940; x_wconf 79' lang='grc' dir='ltr'><strong><em>μέσων</em></strong></span> <span class='ocrx_word' id='word_1_112' title='bbox 701 899 766 930; x_wconf 89' lang='lat' dir='ltr'><em>est:</em></span> <span class='ocrx_word' id='word_1_113' title='bbox 795 909 872 930; x_wconf 87' lang='lat' dir='ltr'><em>nam</em></span> <span class='ocrx_word' id='word_1_114' title='bbox 897 900 930 930; x_wconf 90' lang='lat' dir='ltr'><em>et</em></span> <span class='ocrx_word' id='word_1_115' title='bbox 953 898 1039 940; x_wconf 90' lang='lat' dir='ltr'><em>quod</em></span> <span class='ocrx_word' id='word_1_116' title='bbox 1068 898 1223 939; x_wconf 88' lang='lat' dir='ltr'><em>custodit,</em></span> <span class='ocrx_word' id='word_1_117' title='bbox 1254 899 1287 928; x_wconf 88' lang='lat' dir='ltr'><em>et</em></span> <span class='ocrx_word' id='word_1_118' title='bbox 1311 896 1396 938; x_wconf 90' lang='lat' dir='ltr'><em>quod</em></span> 
     </span>
     <span class='ocr_line' id='line_1_15' title="bbox 111 952 1397 995; baseline -0.004 -8"><span class='ocrx_word' id='word_1_119' title='bbox 111 954 273 987; x_wconf 83' lang='lat' dir='ltr'><em>interimit</em></span> <span class='ocrx_word' id='word_1_120' title='bbox 295 964 355 995; x_wconf 90' lang='lat' dir='ltr'><em>pro</em></span> <span class='ocrx_word' id='word_1_121' title='bbox 378 953 455 985; x_wconf 84' lang='lat' dir='ltr'><em>loco.</em></span> <span class='ocrx_word' id='word_1_122' title='bbox 473 952 684 995; x_wconf 81' lang='lat' dir='ltr'><em>intellegitur.</em></span> <span class='ocrx_word' id='word_1_123' title='bbox 752 960 939 984; x_wconf 79' lang='lat' dir='ltr'><em>AVELLERE</em></span> <span class='ocrx_word' id='word_1_124' title='bbox 959 952 1102 984; x_wconf 87' lang='lat' dir='ltr'><em>ostendit</em></span> <span class='ocrx_word' id='word_1_125' title='bbox 1119 952 1259 983; x_wconf 86' lang='lat' dir='ltr'><em>invitum</em></span> <span class='ocrx_word' id='word_1_126' title='bbox 1277 961 1397 983; x_wconf 89' lang='lat' dir='ltr'><em>numen</em></span> 
     </span>
     <span class='ocr_line' id='line_1_16' title="bbox 111 1007 1449 1040; baseline -0.004 0"><span class='ocrx_word' id='word_1_127' title='bbox 111 1018 181 1040; x_wconf 86' lang='lat' dir='ltr'><em>esse</em></span> <span class='ocrx_word' id='word_1_128' title='bbox 205 1007 380 1040; x_wconf 81' lang='lat' dir='ltr'><em>sublatum.</em></span> <span class='ocrx_word' id='word_1_129' title='bbox 1417 1011 1449 1035; x_wconf 87' lang='lat'><em>15</em></span> 
     </span>
    </p>

    <p class='ocr_par' dir='ltr' id='par_1_8' title="bbox 203 1058 1397 1101">
     <span class='ocr_line' id='line_1_17' title="bbox 203 1058 1397 1101; baseline -0.003 -8"><span class='ocrx_word' id='word_1_130' title='bbox 203 1061 275 1094; x_wconf 89' lang='grc'><strong>166.</strong></span> <span class='ocrx_word' id='word_1_131' title='bbox 312 1069 515 1093; x_wconf 78' lang='lat' dir='ltr'>PALLADIVM</span> <span class='ocrx_word' id='word_1_132' title='bbox 538 1059 683 1092; x_wconf 82' lang='lat' dir='ltr'><em>Helenus</em></span> <span class='ocrx_word' id='word_1_133' title='bbox 709 1059 795 1101; x_wconf 85' lang='lat' dir='ltr'><em>apud</em></span> <span class='ocrx_word' id='word_1_134' title='bbox 818 1059 973 1091; x_wconf 83' lang='lat' dir='ltr'><strong>Arisbam</strong></span> <span class='ocrx_word' id='word_1_135' title='bbox 1002 1061 1115 1100; x_wconf 88' lang='lat' dir='ltr'><em>captus</em></span> <span class='ocrx_word' id='word_1_136' title='bbox 1145 1070 1164 1090; x_wconf 92' lang='lat' dir='ltr'>a</span> <span class='ocrx_word' id='word_1_137' title='bbox 1188 1058 1321 1090; x_wconf 81' lang='lat' dir='ltr'><em>Graecis</em></span> <span class='ocrx_word' id='word_1_138' title='bbox 1347 1059 1397 1089; x_wconf 90' lang='lat' dir='ltr'><em>est</em></span> 
     </span>
    </p>
   </div>
   <div class='ocr_carea' id='block_1_5' title="bbox 3 1112 1397 1212">
    <p class='ocr_par' dir='ltr' id='par_1_9' title="bbox 3 1108 1397 1212">
     <span class='ocr_line' id='line_1_18' title="bbox 65 1112 1394 1155; baseline -0.004 -7.209"><span class='ocrx_word' id='word_1_139' title='bbox 65 1135 67 1137; x_wconf 82' lang='grc'><strong>-</strong></span> <span class='ocrx_word' id='word_1_140' title='bbox 114 1116 147 1148; x_wconf 87' lang='lat' dir='ltr'><em>et</em></span> <span class='ocrx_word' id='word_1_141' title='bbox 169 1115 326 1148; x_wconf 82' lang='lat' dir='ltr'><em>indicavit</em></span> <span class='ocrx_word' id='word_1_142' title='bbox 345 1116 476 1147; x_wconf 83' lang='lat' dir='ltr'><em>coactus</em></span> <span class='ocrx_word' id='word_1_143' title='bbox 495 1113 566 1146; x_wconf 82' lang='lat' dir='ltr'><em>fata</em></span> <span class='ocrx_word' id='word_1_144' title='bbox 583 1113 738 1155; x_wconf 78' lang='lat' dir='ltr'><em>Troiana,</em></span> <span class='ocrx_word' id='word_1_145' title='bbox 757 1113 792 1145; x_wconf 90' lang='lat' dir='ltr'><em>in</em></span> <span class='ocrx_word' id='word_1_146' title='bbox 812 1113 927 1155; x_wconf 88' lang='lat' dir='ltr'><em>quibus</em></span> <span class='ocrx_word' id='word_1_147' title='bbox 948 1112 1047 1145; x_wconf 85' lang='lat' dir='ltr'><em>etiam</em></span> <span class='ocrx_word' id='word_1_148' title='bbox 1067 1113 1106 1144; x_wconf 88' lang='lat' dir='ltr'><em>de</em></span> <span class='ocrx_word' id='word_1_149' title='bbox 1125 1112 1281 1144; x_wconf 84' lang='lat' dir='ltr'><em>Palladio.</em></span> <span class='ocrx_word' id='word_1_150' title='bbox 1310 1112 1394 1143; x_wconf 89' lang='lat' dir='ltr'><em>unde</em></span> 
     </span>
     <span class='ocr_line' id='line_1_19' title="bbox 3 1166 1397 1212; baseline -0.003 -11"><span class='ocrx_word' id='word_1_151' title='bbox 3 1188 12 1193; x_wconf 43' lang='grc' dir='ltr'><strong>ω</strong></span> <span class='ocrx_word' id='word_1_152' title='bbox 51 1200 68 1212; x_wconf 31' lang='lat'>7</span> <span class='ocrx_word' id='word_1_153' title='bbox 113 1168 232 1201; x_wconf 87' lang='lat' dir='ltr'><em>dicitur</em></span> <span class='ocrx_word' id='word_1_154' title='bbox 264 1180 284 1200; x_wconf 86' lang='lat' dir='ltr'>a</span> <span class='ocrx_word' id='word_1_155' title='bbox 311 1168 438 1210; x_wconf 86' lang='lat' dir='ltr'><em>Pyrrho</em></span> <span class='ocrx_word' id='word_1_156' title='bbox 471 1178 574 1210; x_wconf 80' lang='lat' dir='ltr'><em>regna</em></span> <span class='ocrx_word' id='word_1_157' title='bbox 601 1167 770 1199; x_wconf 86' lang='lat' dir='ltr'><em>meruisse:</em></span> <span class='ocrx_word' id='word_1_158' title='bbox 802 1177 998 1209; x_wconf 83' lang='lat' dir='ltr'><em>quamquam</em></span> <span class='ocrx_word' id='word_1_159' title='bbox 1031 1166 1235 1208; x_wconf 87' lang='lat' dir='ltr'><em>praestiterit</em></span> <span class='ocrx_word' id='word_1_160' title='bbox 1262 1166 1397 1208; x_wconf 88' lang='lat' dir='ltr'><em>Pyrrho,</em></span> 
     </span>
    </p>
   </div>
   <div class='ocr_carea' id='block_1_6' title="bbox 110 1220 1448 1584">
    <p class='ocr_par' dir='ltr' id='par_1_10' title="bbox 110 1220 1448 1584">
     <span class='ocr_line' id='line_1_20' title="bbox 111 1220 1397 1265; baseline -0.003 -10"><span class='ocrx_word' id='word_1_161' title='bbox 111 1224 149 1255; x_wconf 91' lang='lat' dir='ltr'><em>ut</em></span> <span class='ocrx_word' id='word_1_162' title='bbox 179 1233 239 1264; x_wconf 88' lang='lat' dir='ltr'><em>per</em></span> <span class='ocrx_word' id='word_1_163' title='bbox 270 1224 393 1254; x_wconf 89' lang='lat' dir='ltr'><em>terram</em></span> <span class='ocrx_word' id='word_1_164' title='bbox 425 1221 559 1263; x_wconf 87' lang='lat' dir='ltr'><em>rediret,</em></span> <span class='ocrx_word' id='word_1_165' title='bbox 593 1221 701 1253; x_wconf 88' lang='lat' dir='ltr'><em>dicens</em></span> <span class='ocrx_word' id='word_1_166' title='bbox 735 1231 846 1252; x_wconf 88' lang='lat' dir='ltr'><em>omnes</em></span> <span class='ocrx_word' id='word_1_167' title='bbox 875 1220 1029 1259; x_wconf 85' lang='lat' dir='ltr'><em>Graecos,</em></span> <span class='ocrx_word' id='word_1_168' title='bbox 1063 1220 1148 1262; x_wconf 89' lang='lat' dir='ltr'><em>quod</em></span> <span class='ocrx_word' id='word_1_169' title='bbox 1182 1222 1215 1252; x_wconf 87' lang='lat' dir='ltr'><em>et</em></span> <span class='ocrx_word' id='word_1_170' title='bbox 1247 1220 1397 1265; x_wconf 79' lang='lat' dir='ltr'><em>contigit,</em></span> 
     </span>
     <span class='ocr_line' id='line_1_21' title="bbox 110 1274 1448 1318; baseline -0.002 -10"><span class='ocrx_word' id='word_1_171' title='bbox 110 1275 283 1318; x_wconf 73' lang='lat' dir='ltr'><em>naufragio</em></span> <span class='ocrx_word' id='word_1_172' title='bbox 308 1286 377 1308; x_wconf 86' lang='lat' dir='ltr'><em>esse</em></span> <span class='ocrx_word' id='word_1_173' title='bbox 399 1276 571 1317; x_wconf 68' lang='lat' dir='ltr'><em>peritur-os.</em></span> <span class='ocrx_word' id='word_1_174' title='bbox 617 1275 677 1307; x_wconf 84' lang='lat' dir='ltr'><em>alii</em></span> <span class='ocrx_word' id='word_1_175' title='bbox 704 1275 812 1307; x_wconf 74' lang='lat' dir='ltr'><em>dicunt</em></span> <span class='ocrx_word' id='word_1_176' title='bbox 833 1274 989 1306; x_wconf 73' lang='lat' dir='ltr'><em>Helenmn</em></span> <span class='ocrx_word' id='word_1_177' title='bbox 1016 1284 1078 1306; x_wconf 86' lang='lat' dir='ltr'><em>non</em></span> <span class='ocrx_word' id='word_1_178' title='bbox 1107 1276 1243 1314; x_wconf 76' lang='lat' dir='ltr'><em>captum,</em></span> <span class='ocrx_word' id='word_1_179' title='bbox 1271 1275 1324 1306; x_wconf 84' lang='lat' dir='ltr'><em>sed</em></span> <span class='ocrx_word' id='word_1_180' title='bbox 1345 1275 1395 1306; x_wconf 87' lang='lat' dir='ltr'><em>do·</em></span> <span class='ocrx_word' id='word_1_181' title='bbox 1414 1280 1448 1303; x_wconf 81' lang='lat'><em>20</em></span> 
     </span>
     <span class='ocr_line' id='line_1_22' title="bbox 112 1327 1398 1370; baseline -0.002 -9"><span class='ocrx_word' id='word_1_182' title='bbox 112 1329 187 1370; x_wconf 92' lang='lat' dir='ltr'><em>lore,</em></span> <span class='ocrx_word' id='word_1_183' title='bbox 214 1328 296 1369; x_wconf 79' lang='lat' dir='ltr'><em>qaod</em></span> <span class='ocrx_word' id='word_1_184' title='bbox 315 1330 390 1368; x_wconf 74' lang='lat' dir='ltr'><em>post</em></span> <span class='ocrx_word' id='word_1_185' title='bbox 415 1330 543 1360; x_wconf 80' lang='lat' dir='ltr'><em>mortem</em></span> <span class='ocrx_word' id='word_1_186' title='bbox 566 1327 696 1360; x_wconf 83' lang='lat' dir='ltr'><em>Paridis</em></span> <span class='ocrx_word' id='word_1_187' title='bbox 718 1327 841 1359; x_wconf 86' lang='lat' dir='ltr'><em>Helena</em></span> <span class='ocrx_word' id='word_1_188' title='bbox 867 1328 981 1359; x_wconf 82' lang='lat' dir='ltr'><em>iudicio</em></span> <span class='ocrx_word' id='word_1_189' title='bbox 1003 1327 1133 1359; x_wconf 83' lang='lat' dir='ltr'><em>Priami</em></span> <span class='ocrx_word' id='word_1_190' title='bbox 1160 1338 1223 1359; x_wconf 88' lang='lat' dir='ltr'><em>non</em></span> <span class='ocrx_word' id='word_1_191' title='bbox 1245 1328 1317 1369; x_wconf 85' lang='lat' dir='ltr'><em>sibi,</em></span> <span class='ocrx_word' id='word_1_192' title='bbox 1345 1329 1398 1359; x_wconf 81' lang='lat' dir='ltr'><em>sed</em></span> 
     </span>
     <span class='ocr_line' id='line_1_23' title="bbox 111 1381 1395 1423; baseline -0.002 -8"><span class='ocrx_word' id='word_1_193' title='bbox 111 1382 269 1423; x_wconf 63' lang='lat' dir='ltr'><em>Deiphobo</em></span> <span class='ocrx_word' id='word_1_194' title='bbox 292 1384 368 1414; x_wconf 75' lang='lat' dir='ltr'><em>esset</em></span> <span class='ocrx_word' id='word_1_195' title='bbox 388 1382 581 1423; x_wconf 77' lang='lat' dir='ltr'><em>adindieata,</em></span> <span class='ocrx_word' id='word_1_196' title='bbox 604 1382 639 1413; x_wconf 87' lang='lat' dir='ltr'><em>in</em></span> <span class='ocrx_word' id='word_1_197' title='bbox 662 1381 757 1413; x_wconf 83' lang='lat' dir='ltr'><em>Idam</em></span> <span class='ocrx_word' id='word_1_198' title='bbox 779 1383 912 1413; x_wconf 80' lang='lat' dir='ltr'><em>montem</em></span> <span class='ocrx_word' id='word_1_199' title='bbox 933 1381 1061 1423; x_wconf 65' lang='lat' dir='ltr'><em>frayisse,</em></span> <span class='ocrx_word' id='word_1_200' title='bbox 1090 1383 1180 1421; x_wconf 75' lang='lat' dir='ltr'><em>atque</em></span> <span class='ocrx_word' id='word_1_201' title='bbox 1202 1381 1310 1413; x_wconf 73' lang='lat' dir='ltr'><em>exinde</em></span> <span class='ocrx_word' id='word_1_202' title='bbox 1332 1391 1395 1413; x_wconf 90' lang='lat' dir='ltr'><em>mo-</em></span> 
     </span>
     <span class='ocr_line' id='line_1_24' title="bbox 111 1433 1395 1476; baseline -0.002 -8"><span class='ocrx_word' id='word_1_203' title='bbox 111 1438 199 1468; x_wconf 81' lang='lat' dir='ltr'><em>nente</em></span> <span class='ocrx_word' id='word_1_204' title='bbox 221 1435 386 1468; x_wconf 77' lang='lat' dir='ltr'><em>Calchante</em></span> <span class='ocrx_word' id='word_1_205' title='bbox 402 1436 588 1476; x_wconf 69' lang='lat' dir='ltr'><em>productum</em></span> <span class='ocrx_word' id='word_1_206' title='bbox 607 1436 643 1467; x_wconf 88' lang='lat' dir='ltr'><em>de</em></span> <span class='ocrx_word' id='word_1_207' title='bbox 662 1435 808 1467; x_wconf 86' lang='lat' dir='ltr'><em>Palladio</em></span> <span class='ocrx_word' id='word_1_208' title='bbox 829 1445 887 1475; x_wconf 76' lang='lat' dir='ltr'><em>pro</em></span> <span class='ocrx_word' id='word_1_209' title='bbox 910 1435 979 1466; x_wconf 86' lang='lat' dir='ltr'><em>odio</em></span> <span class='ocrx_word' id='word_1_210' title='bbox 997 1435 1180 1475; x_wconf 74' lang='lat' dir='ltr'><em>prodidisse.</em></span> <span class='ocrx_word' id='word_1_211' title='bbox 1222 1436 1298 1466; x_wconf 89' lang='lat' dir='ltr'><em>tunc</em></span> <span class='ocrx_word' id='word_1_212' title='bbox 1318 1433 1395 1466; x_wconf 92' lang='lat' dir='ltr'><em>Dio-</em></span> 
     </span>
     <span class='ocr_line' id='line_1_25' title="bbox 113 1488 1395 1531; baseline -0.001 -10"><span class='ocrx_word' id='word_1_213' title='bbox 113 1489 220 1522; x_wconf 84' lang='lat' dir='ltr'><em>medes</em></span> <span class='ocrx_word' id='word_1_214' title='bbox 245 1491 278 1521; x_wconf 88' lang='lat' dir='ltr'><em>et</em></span> <span class='ocrx_word' id='word_1_215' title='bbox 301 1488 429 1530; x_wconf 84' lang='lat' dir='ltr'><em>Ulixes,</em></span> <span class='ocrx_word' id='word_1_216' title='bbox 452 1491 489 1520; x_wconf 92' lang='lat' dir='ltr'><em>ut</em></span> <span class='ocrx_word' id='word_1_217' title='bbox 513 1489 569 1520; x_wconf 87' lang='lat' dir='ltr'><em>alii</em></span> <span class='ocrx_word' id='word_1_218' title='bbox 593 1489 718 1530; x_wconf 86' lang='lat' dir='ltr'><em>dicunt,</em></span> <span class='ocrx_word' id='word_1_219' title='bbox 742 1488 913 1528; x_wconf 86' lang='lat' dir='ltr'><em>cuniculis,</em></span> <span class='ocrx_word' id='word_1_220' title='bbox 941 1490 978 1520; x_wconf 91' lang='lat' dir='ltr'><em>ut</em></span> <span class='ocrx_word' id='word_1_221' title='bbox 1001 1489 1073 1531; x_wconf 81' lang='lat' dir='ltr'><em>alii,</em></span> <span class='ocrx_word' id='word_1_222' title='bbox 1102 1488 1220 1520; x_wconf 80' lang='lat' dir='ltr'>cloacis</span> <span class='ocrx_word' id='word_1_223' title='bbox 1245 1489 1395 1520; x_wconf 86' lang='lat' dir='ltr'><em>ascende-</em></span> 
     </span>
     <span class='ocr_line' id='line_1_26' title="bbox 113 1542 1447 1584; baseline -0.002 -8"><span class='ocrx_word' id='word_1_224' title='bbox 113 1545 190 1576; x_wconf 88' lang='lat' dir='ltr'><em>runt</em></span> <span class='ocrx_word' id='word_1_225' title='bbox 218 1554 338 1584; x_wconf 82' lang='lat' dir='ltr'><em>arcem,</em></span> <span class='ocrx_word' id='word_1_226' title='bbox 371 1544 404 1574; x_wconf 89' lang='lat' dir='ltr'><em>et</em></span> <span class='ocrx_word' id='word_1_227' title='bbox 436 1542 550 1574; x_wconf 91' lang='lat' dir='ltr'><em>occisis</em></span> <span class='ocrx_word' id='word_1_228' title='bbox 579 1542 767 1574; x_wconf 75' lang='lat' dir='ltr'><em>custodibus</em></span> <span class='ocrx_word' id='word_1_229' title='bbox 797 1542 956 1574; x_wconf 70' lang='lat' dir='ltr'><em>sustulere</em></span> <span class='ocrx_word' id='word_1_230' title='bbox 985 1542 1203 1574; x_wconf 86' lang='lat' dir='ltr'><em>simulacrum.</em></span> <span class='ocrx_word' id='word_1_231' title='bbox 1241 1543 1295 1583; x_wconf 78' lang='lat' dir='ltr'><em>qai</em></span> <span class='ocrx_word' id='word_1_232' title='bbox 1326 1553 1395 1575; x_wconf 78' lang='lat' dir='ltr'><em>cnm</em></span> <span class='ocrx_word' id='word_1_233' title='bbox 1414 1550 1447 1573; x_wconf 81' lang='lat'><em>25</em></span> 
     </span>
    </p>
   </div>
   <div class='ocr_carea' id='block_1_7' title="bbox 112 1606 326 1611">
    <p class='ocr_par' dir='ltr' id='par_1_11' title="bbox 112 1606 326 1611">
     <span class='ocr_line' id='line_1_27' title="bbox 112 1606 326 1611; baseline 0 0"><span class='ocrx_word' id='word_1_234' title='bbox 112 1606 326 1611; x_wconf 95' lang='lat' dir='ltr'><em> </em></span> 
     </span>
    </p>
   </div>
   <div class='ocr_carea' id='block_1_8' title="bbox 185 1638 1394 1674">
    <p class='ocr_par' dir='ltr' id='par_1_12' title="bbox 185 1638 1394 1674">
     <span class='ocr_line' id='line_1_28' title="bbox 185 1638 1394 1674; baseline -0.002 -7"><span class='ocrx_word' id='word_1_235' title='bbox 185 1643 217 1667; x_wconf 88' lang='grc'><em>16</em></span> <span class='ocrx_word' id='word_1_236' title='bbox 236 1640 359 1667; x_wconf 88' lang='lat' dir='ltr'><em>Helenus</em></span> <span class='ocrx_word' id='word_1_237' title='bbox 378 1639 454 1674; x_wconf 73' lang='lat' dir='ltr'><em>apud</em></span> <span class='ocrx_word' id='word_1_238' title='bbox 473 1638 604 1666; x_wconf 86' lang='lat' dir='ltr'><em>Arisbam</em></span> <span class='ocrx_word' id='word_1_239' title='bbox 623 1647 646 1666; x_wconf 91' lang='lat' dir='ltr'><em>e.</em></span> <span class='ocrx_word' id='word_1_240' title='bbox 658 1648 684 1673; x_wconf 86' lang='lat' dir='ltr'><em>q.</em></span> <span class='ocrx_word' id='word_1_241' title='bbox 695 1648 715 1666; x_wconf 86' lang='lat' dir='ltr'><em>s.</em></span> <span class='ocrx_word' id='word_1_242' title='bbox 735 1647 781 1673; x_wconf 80' lang='lat' dir='ltr'><em>ap.</em></span> <span class='ocrx_word' id='word_1_243' title='bbox 798 1638 925 1666; x_wconf 84' lang='lat' dir='ltr'><em>Servium</em></span> <span class='ocrx_word' id='word_1_244' title='bbox 945 1647 1029 1666; x_wconf 88' lang='lat' dir='ltr'><em>exscr.</em></span> <span class='ocrx_word' id='word_1_245' title='bbox 1050 1638 1189 1673; x_wconf 86' lang='lat' dir='ltr'><em>mythogr.</em></span> <span class='ocrx_word' id='word_1_246' title='bbox 1205 1639 1272 1666; x_wconf 88' lang='lat'><strong>140.</strong></span> <span class='ocrx_word' id='word_1_247' title='bbox 1294 1639 1326 1666; x_wconf 83' lang='lat' dir='ltr'><em>cf.</em></span> <span class='ocrx_word' id='word_1_248' title='bbox 1345 1642 1394 1666; x_wconf 83' lang='grc'><em>142</em></span> 
     </span>
    </p>
   </div>
   <div class='ocr_carea' id='block_1_9' title="bbox 112 1696 325 1700">
    <p class='ocr_par' dir='ltr' id='par_1_13' title="bbox 112 1696 325 1700">
     <span class='ocr_line' id='line_1_29' title="bbox 112 1696 325 1700; baseline 0 0"><span class='ocrx_word' id='word_1_249' title='bbox 112 1696 325 1700; x_wconf 95' lang='lat' dir='ltr'><em> </em></span> 
     </span>
    </p>
   </div>
   <div class='ocr_carea' id='block_1_10' title="bbox 183 1727 1397 1763">
    <p class='ocr_par' dir='ltr' id='par_1_14' title="bbox 183 1727 1397 1763">
     <span class='ocr_line' id='line_1_30' title="bbox 183 1727 1397 1763; baseline -0.002 -6"><span class='ocrx_word' id='word_1_250' title='bbox 183 1733 201 1757; x_wconf 83' lang='lat'>4</span> <span class='ocrx_word' id='word_1_251' title='bbox 220 1730 257 1757; x_wconf 83' lang='lat' dir='ltr'><em>ad</em></span> <span class='ocrx_word' id='word_1_252' title='bbox 274 1738 299 1757; x_wconf 86' lang='lat' dir='ltr'><em>v.</em></span> <span class='ocrx_word' id='word_1_253' title='bbox 316 1733 367 1756; x_wconf 84' lang='grc'><em>162</em></span> <span class='ocrx_word' id='word_1_254' title='bbox 387 1729 484 1756; x_wconf 88' lang='lat' dir='ltr'><em>Omnis</em></span> <span class='ocrx_word' id='word_1_255' title='bbox 504 1738 567 1763; x_wconf 89' lang='lat' dir='ltr'><em>spes</em></span> <span class='ocrx_word' id='word_1_256' title='bbox 586 1728 726 1763; x_wconf 78' lang='lat' dir='ltr'><em>Danaum]</em></span> <span class='ocrx_word' id='word_1_257' title='bbox 745 1737 822 1755; x_wconf 90' lang='lat' dir='ltr'><em>more</em></span> <span class='ocrx_word' id='word_1_258' title='bbox 842 1737 891 1755; x_wconf 90' lang='lat' dir='ltr'><em>suo</em></span> <span class='ocrx_word' id='word_1_259' title='bbox 912 1750 917 1755; x_wconf 88' lang='lat'>.</span> <span class='ocrx_word' id='word_1_260' title='bbox 934 1749 940 1755; x_wconf 85' lang='lat'><strong>.</strong></span> <span class='ocrx_word' id='word_1_261' title='bbox 957 1749 963 1756; x_wconf 92' lang='lat'>.</span> <span class='ocrx_word' id='word_1_262' title='bbox 982 1737 1032 1762; x_wconf 87' lang='lat' dir='ltr'><em>per</em></span> <span class='ocrx_word' id='word_1_263' title='bbox 1052 1729 1080 1755; x_wconf 88' lang='lat' dir='ltr'><em>et</em></span> <span class='ocrx_word' id='word_1_264' title='bbox 1098 1736 1197 1755; x_wconf 87' lang='lat' dir='ltr'><em>remos.</em></span> <span class='ocrx_word' id='word_1_265' title='bbox 1220 1728 1248 1754; x_wconf 94' lang='lat' dir='ltr'><em>P</em></span> <span class='ocrx_word' id='word_1_266' title='bbox 1260 1728 1269 1761; x_wconf 87' lang='grc' dir='ltr'><em>ΙΙ</em></span> <span class='ocrx_word' id='word_1_267' title='bbox 1284 1730 1299 1754; x_wconf 88' lang='lat'>5</span> <span class='ocrx_word' id='word_1_268' title='bbox 1318 1727 1397 1754; x_wconf 83' lang='lat' dir='ltr'><em>fauet</em></span> 
     </span>
    </p>
   </div>
   <div class='ocr_carea' id='block_1_11' title="bbox 62 1760 1405 1800">
    <p class='ocr_par' dir='ltr' id='par_1_15' title="bbox 62 1760 1405 1800">
     <span class='ocr_line' id='line_1_31' title="bbox 62 1760 1405 1800; baseline -0.003 -7"><span class='ocrx_word' id='word_1_269' title='bbox 62 1760 70 1767; x_wconf 67' lang='lat'>⁸</span> <span class='ocrx_word' id='word_1_270' title='bbox 115 1766 185 1793; x_wconf 86' lang='lat' dir='ltr'><strong><em>MP</em></strong></span> <span class='ocrx_word' id='word_1_271' title='bbox 201 1766 306 1793; x_wconf 78' lang='lat' dir='ltr'><em>Damiel</em></span> <span class='ocrx_word' id='word_1_272' title='bbox 324 1766 333 1799; x_wconf 82' lang='grc' dir='ltr'><em>ΙΙ</em></span> <span class='ocrx_word' id='word_1_273' title='bbox 357 1765 515 1800; x_wconf 72' lang='lat' dir='ltr'><em>constabat]</em></span> <span class='ocrx_word' id='word_1_274' title='bbox 537 1766 633 1792; x_wconf 83' lang='lat' dir='ltr'><em>contra</em></span> <span class='ocrx_word' id='word_1_275' title='bbox 653 1764 681 1790; x_wconf 92' lang='lat' dir='ltr'><strong><em>P</em></strong></span> <span class='ocrx_word' id='word_1_276' title='bbox 699 1765 809 1791; x_wconf 80' lang='lat' dir='ltr'><em>constat</em></span> <span class='ocrx_word' id='word_1_277' title='bbox 827 1764 858 1790; x_wconf 89' lang='grc' dir='ltr'><em>Ε</em></span> <span class='ocrx_word' id='word_1_278' title='bbox 875 1767 899 1791; x_wconf 80' lang='lat' dir='ltr'><em>el</em></span> <span class='ocrx_word' id='word_1_279' title='bbox 918 1764 1023 1791; x_wconf 90' lang='lat' dir='ltr'><em>Daniel</em></span> <span class='ocrx_word' id='word_1_280' title='bbox 1042 1764 1203 1798; x_wconf 79' lang='lat' dir='ltr'><em>(constabat</em></span> <span class='ocrx_word' id='word_1_281' title='bbox 1221 1765 1243 1797; x_wconf 85' lang='lat' dir='ltr'><em>e)</em></span> <span class='ocrx_word' id='word_1_282' title='bbox 1267 1764 1276 1796; x_wconf 81' lang='grc' dir='ltr'><em>ΙΙ</em></span> <span class='ocrx_word' id='word_1_283' title='bbox 1297 1766 1310 1789; x_wconf 85' lang='grc'>7</span> <span class='ocrx_word' id='word_1_284' title='bbox 1330 1772 1405 1799; x_wconf 28' lang='lat' dir='ltr'><em>namn</em></span> 
     </span>
    </p>
   </div>
   <div class='ocr_carea' id='block_1_12' title="bbox 0 0 60 2684">
    <p class='ocr_par' dir='ltr' id='par_1_16' title="bbox 0 0 60 2684">
     <span class='ocr_line' id='line_1_32' title="bbox 0 0 60 2684; baseline 0 0"><span class='ocrx_word' id='word_1_285' title='bbox 0 0 60 2684; x_wconf 95' lang='lat' dir='ltr'><em> </em></span> 
     </span>
    </p>
   </div>
   <div class='ocr_carea' id='block_1_13' title="bbox 112 1799 1397 2372">
    <p class='ocr_par' dir='ltr' id='par_1_17' title="bbox 112 1799 1397 2299">
     <span class='ocr_line' id='line_1_33' title="bbox 113 1799 1395 1835; baseline -0.003 -6"><span class='ocrx_word' id='word_1_286' title='bbox 113 1811 162 1829; x_wconf 87' lang='lat' dir='ltr'><em>om.</em></span> <span class='ocrx_word' id='word_1_287' title='bbox 183 1802 212 1828; x_wconf 93' lang='lat' dir='ltr'><strong><em>P</em></strong></span> <span class='ocrx_word' id='word_1_288' title='bbox 228 1804 253 1829; x_wconf 79' lang='lat' dir='ltr'><em>et</em></span> <span class='ocrx_word' id='word_1_289' title='bbox 270 1801 375 1828; x_wconf 82' lang='lat' dir='ltr'><em>Daniel</em></span> <span class='ocrx_word' id='word_1_290' title='bbox 398 1802 408 1835; x_wconf 74' lang='grc' dir='ltr'><em>ΙΙ</em></span> <span class='ocrx_word' id='word_1_291' title='bbox 430 1801 603 1835; x_wconf 80' lang='lat' dir='ltr'><em>ysterologia</em></span> <span class='ocrx_word' id='word_1_292' title='bbox 621 1800 646 1826; x_wconf 88' lang='lat' dir='ltr'><em>L</em></span> <span class='ocrx_word' id='word_1_293' title='bbox 673 1799 838 1834; x_wconf 80' lang='lat' dir='ltr'><em>isterologia</em></span> <span class='ocrx_word' id='word_1_294' title='bbox 856 1800 890 1826; x_wconf 88' lang='lat' dir='ltr'><em>H</em></span> <span class='ocrx_word' id='word_1_295' title='bbox 910 1799 1095 1834; x_wconf 83' lang='lat' dir='ltr'><em>histerologis.</em></span> <span class='ocrx_word' id='word_1_296' title='bbox 1115 1800 1151 1826; x_wconf 86' lang='grc' dir='ltr'><em>Μ</em></span> <span class='ocrx_word' id='word_1_297' title='bbox 1155 1800 1173 1826; x_wconf 81' lang='lat' dir='ltr'><strong><em>h</em></strong></span> <span class='ocrx_word' id='word_1_298' title='bbox 1199 1799 1322 1833; x_wconf 80' lang='lat' dir='ltr'><em>sterogia</em></span> <span class='ocrx_word' id='word_1_299' title='bbox 1343 1799 1370 1824; x_wconf 81' lang='lat' dir='ltr'><strong><em>P</em></strong></span> <span class='ocrx_word' id='word_1_300' title='bbox 1387 1799 1395 1834; x_wconf 60' lang='lat' dir='ltr'><em>{l</em></span> 
     </span>
     <span class='ocr_line' id='line_1_34' title="bbox 113 1834 1394 1870; baseline -0.003 -6"><span class='ocrx_word' id='word_1_301' title='bbox 113 1839 157 1865; x_wconf 81' lang='lat' dir='ltr'><em>est</em></span> <span class='ocrx_word' id='word_1_302' title='bbox 174 1845 223 1865; x_wconf 81' lang='lat' dir='ltr'><em>mn.</em></span> <span class='ocrx_word' id='word_1_303' title='bbox 245 1837 273 1863; x_wconf 90' lang='lat' dir='ltr'><strong><em>P</em></strong></span> <span class='ocrx_word' id='word_1_304' title='bbox 290 1839 314 1864; x_wconf 78' lang='lat' dir='ltr'><em>et</em></span> <span class='ocrx_word' id='word_1_305' title='bbox 334 1837 438 1863; x_wconf 86' lang='lat' dir='ltr'><em>Daniel</em></span> <span class='ocrx_word' id='word_1_306' title='bbox 451 1837 460 1870; x_wconf 86' lang='grc' dir='ltr'><em>ΙΙ</em></span> <span class='ocrx_word' id='word_1_307' title='bbox 475 1839 490 1863; x_wconf 86' lang='grc'><strong>9</strong></span> <span class='ocrx_word' id='word_1_308' title='bbox 511 1837 548 1863; x_wconf 87' lang='lat' dir='ltr'><em>ad</em></span> <span class='ocrx_word' id='word_1_309' title='bbox 565 1844 589 1863; x_wconf 85' lang='lat' dir='ltr'><em>v.</em></span> <span class='ocrx_word' id='word_1_310' title='bbox 608 1839 657 1862; x_wconf 89' lang='grc'><em>163</em></span> <span class='ocrx_word' id='word_1_311' title='bbox 677 1835 795 1870; x_wconf 90' lang='lat' dir='ltr'><em>Impius]</em></span> <span class='ocrx_word' id='word_1_312' title='bbox 817 1837 931 1870; x_wconf 85' lang='lat' dir='ltr'><em>propter</em></span> <span class='ocrx_word' id='word_1_313' title='bbox 949 1835 1065 1862; x_wconf 79' lang='lat' dir='ltr'><em>numina</em></span> <span class='ocrx_word' id='word_1_314' title='bbox 1083 1835 1230 1862; x_wconf 77' lang='lat' dir='ltr'><em>uulnerata.</em></span> <span class='ocrx_word' id='word_1_315' title='bbox 1249 1834 1394 1867; x_wconf 81' lang='lat' dir='ltr'><em>(uulnera).</em></span> 
     </span>
     <span class='ocr_line' id='line_1_35' title="bbox 112 1870 1397 1908; baseline -0.004 -8"><span class='ocrx_word' id='word_1_316' title='bbox 112 1873 154 1900; x_wconf 83' lang='lat' dir='ltr'><em>Ex</em></span> <span class='ocrx_word' id='word_1_317' title='bbox 172 1873 240 1908; x_wconf 86' lang='lat' dir='ltr'><em>quo]</em></span> <span class='ocrx_word' id='word_1_318' title='bbox 260 1873 355 1900; x_wconf 76' lang='lat' dir='ltr'><em>autem</em></span> <span class='ocrx_word' id='word_1_319' title='bbox 373 1872 420 1899; x_wconf 89' lang='lat' dir='ltr'><em>uel</em></span> <span class='ocrx_word' id='word_1_320' title='bbox 439 1872 484 1898; x_wconf 84' lang='lat' dir='ltr'><em>die</em></span> <span class='ocrx_word' id='word_1_321' title='bbox 503 1872 550 1898; x_wconf 89' lang='lat' dir='ltr'><em>uel</em></span> <span class='ocrx_word' id='word_1_322' title='bbox 574 1871 659 1898; x_wconf 85' lang='lat' dir='ltr'><em>facto.</em></span> <span class='ocrx_word' id='word_1_323' title='bbox 685 1871 713 1897; x_wconf 93' lang='lat' dir='ltr'><strong><em>P</em></strong></span> <span class='ocrx_word' id='word_1_324' title='bbox 733 1873 743 1905; x_wconf 88' lang='grc' dir='ltr'><em>ΙΙ</em></span> <span class='ocrx_word' id='word_1_325' title='bbox 765 1871 883 1905; x_wconf 86' lang='lat' dir='ltr'><em>impium</em></span> <span class='ocrx_word' id='word_1_326' title='bbox 906 1879 973 1898; x_wconf 90' lang='lat' dir='ltr'><em>uero</em></span> <span class='ocrx_word' id='word_1_327' title='bbox 992 1871 1057 1896; x_wconf 88' lang='lat' dir='ltr'><em>LH</em></span> <span class='ocrx_word' id='word_1_328' title='bbox 1061 1871 1098 1897; x_wconf 87' lang='lat' dir='ltr'><em>M</em></span> <span class='ocrx_word' id='word_1_329' title='bbox 1102 1871 1132 1896; x_wconf 89' lang='lat' dir='ltr'><strong><em>E</em></strong></span> <span class='ocrx_word' id='word_1_330' title='bbox 1153 1872 1162 1904; x_wconf 83' lang='grc' dir='ltr'><em>ΙΙ</em></span> <span class='ocrx_word' id='word_1_331' title='bbox 1185 1870 1397 1905; x_wconf 64' lang='lat' dir='ltr'><em>uulneratussssff</em></span> 
     </span>
     <span class='ocr_line' id='line_1_36' title="bbox 113 1906 1395 1941; baseline -0.004 -5"><span class='ocrx_word' id='word_1_332' title='bbox 113 1909 221 1936; x_wconf 78' lang='lat' dir='ltr'><em>duabus</em></span> <span class='ocrx_word' id='word_1_333' title='bbox 240 1908 337 1935; x_wconf 79' lang='lat' dir='ltr'><em>litteris</em></span> <span class='ocrx_word' id='word_1_334' title='bbox 356 1909 442 1935; x_wconf 77' lang='lat' dir='ltr'><em>erasis</em></span> <span class='ocrx_word' id='word_1_335' title='bbox 462 1908 500 1934; x_wconf 91' lang='lat' dir='ltr'><em>M</em></span> <span class='ocrx_word' id='word_1_336' title='bbox 517 1908 677 1941; x_wconf 72' lang='lat' dir='ltr'><em>(uulnerata,</em></span> <span class='ocrx_word' id='word_1_337' title='bbox 695 1907 739 1940; x_wconf 84' lang='lat' dir='ltr'><em>m).</em></span> <span class='ocrx_word' id='word_1_338' title='bbox 778 1907 925 1935; x_wconf 78' lang='lat' dir='ltr'><em>uulnerata,</em></span> <span class='ocrx_word' id='word_1_339' title='bbox 943 1906 1059 1933; x_wconf 79' lang='lat' dir='ltr'><em>numina</em></span> <span class='ocrx_word' id='word_1_340' title='bbox 1077 1906 1195 1933; x_wconf 84' lang='lat' dir='ltr'><em>Martem</em></span> <span class='ocrx_word' id='word_1_341' title='bbox 1215 1907 1244 1932; x_wconf 88' lang='lat' dir='ltr'><em>et</em></span> <span class='ocrx_word' id='word_1_342' title='bbox 1257 1906 1395 1932; x_wconf 82' lang='lat' dir='ltr'><em>Venerem</em></span> 
     </span>
     <span class='ocr_line' id='line_1_37' title="bbox 114 1941 1394 1978; baseline -0.004 -6"><span class='ocrx_word' id='word_1_343' title='bbox 114 1944 265 1972; x_wconf 77' lang='lat' dir='ltr'><em>Fabricius</em></span> <span class='ocrx_word' id='word_1_344' title='bbox 279 1945 289 1978; x_wconf 87' lang='grc'><em>11</em></span> <span class='ocrx_word' id='word_1_345' title='bbox 304 1947 336 1970; x_wconf 84' lang='grc'><em>11</em></span> <span class='ocrx_word' id='word_1_346' title='bbox 352 1944 389 1970; x_wconf 87' lang='lat' dir='ltr'><em>ad</em></span> <span class='ocrx_word' id='word_1_347' title='bbox 403 1952 426 1970; x_wconf 88' lang='lat' dir='ltr'><em>v.</em></span> <span class='ocrx_word' id='word_1_348' title='bbox 440 1946 491 1970; x_wconf 81' lang='lat'><em>164</em></span> <span class='ocrx_word' id='word_1_349' title='bbox 506 1943 703 1976; x_wconf 86' lang='lat' dir='ltr'><em>Seelerumque</em></span> <span class='ocrx_word' id='word_1_350' title='bbox 717 1942 847 1969; x_wconf 83' lang='lat' dir='ltr'><em>inuentor</em></span> <span class='ocrx_word' id='word_1_351' title='bbox 856 1942 963 1977; x_wconf 81' lang='lat' dir='ltr'><em>Ulixes]</em></span> <span class='ocrx_word' id='word_1_352' title='bbox 979 1943 1095 1976; x_wconf 83' lang='lat' dir='ltr'><em>propter</em></span> <span class='ocrx_word' id='word_1_353' title='bbox 1110 1950 1138 1968; x_wconf 85' lang='lat' dir='ltr'><em>se</em></span> <span class='ocrx_word' id='word_1_354' title='bbox 1154 1943 1182 1968; x_wconf 87' lang='lat' dir='ltr'><em>et</em></span> <span class='ocrx_word' id='word_1_355' title='bbox 1196 1942 1310 1975; x_wconf 81' lang='lat' dir='ltr'><em>propter</em></span> <span class='ocrx_word' id='word_1_356' title='bbox 1324 1941 1394 1975; x_wconf 84' lang='lat' dir='ltr'><em>pali-</em></span> 
     </span>
     <span class='ocr_line' id='line_1_38' title="bbox 114 1977 1395 2014; baseline -0.003 -7"><span class='ocrx_word' id='word_1_357' title='bbox 114 1980 209 2007; x_wconf 78' lang='lat' dir='ltr'><em>medes</em></span> <span class='ocrx_word' id='word_1_358' title='bbox 223 1981 298 2014; x_wconf 80' lang='lat' dir='ltr'><em>(sicl)</em></span> <span class='ocrx_word' id='word_1_359' title='bbox 319 1979 442 2006; x_wconf 82' lang='lat' dir='ltr'><em>factione</em></span> <span class='ocrx_word' id='word_1_360' title='bbox 457 1978 589 2005; x_wconf 85' lang='lat' dir='ltr'><em>occisum.</em></span> <span class='ocrx_word' id='word_1_361' title='bbox 611 1978 639 2004; x_wconf 91' lang='lat' dir='ltr'><strong><em>P</em></strong></span> <span class='ocrx_word' id='word_1_362' title='bbox 651 1979 660 2012; x_wconf 74' lang='grc' dir='ltr'><em>[Ι</em></span> <span class='ocrx_word' id='word_1_363' title='bbox 673 1979 790 2012; x_wconf 85' lang='lat' dir='ltr'><em>propter</em></span> <span class='ocrx_word' id='word_1_364' title='bbox 805 1986 833 2004; x_wconf 83' lang='lat' dir='ltr'><em>se</em></span> <span class='ocrx_word' id='word_1_365' title='bbox 849 1979 878 2004; x_wconf 88' lang='lat' dir='ltr'><em>et</em></span> <span class='ocrx_word' id='word_1_366' title='bbox 892 1986 942 2004; x_wconf 82' lang='lat' dir='ltr'><em>om.</em></span> <span class='ocrx_word' id='word_1_367' title='bbox 958 1978 1062 2004; x_wconf 81' lang='lat' dir='ltr'><em>Daniel</em></span> <span class='ocrx_word' id='word_1_368' title='bbox 1081 1977 1127 2003; x_wconf 91' lang='grc'><strong>1181</strong></span> <span class='ocrx_word' id='word_1_369' title='bbox 1146 1979 1209 2003; x_wconf 81' lang='lat' dir='ltr'><em>ante</em></span> <span class='ocrx_word' id='word_1_370' title='bbox 1223 1978 1338 2011; x_wconf 86' lang='lat' dir='ltr'><em>propter</em></span> <span class='ocrx_word' id='word_1_371' title='bbox 1352 1977 1395 2003; x_wconf 81' lang='lat' dir='ltr'><em>in-</em></span> 
     </span>
     <span class='ocr_line' id='line_1_39' title="bbox 115 2011 1394 2051; baseline -0.004 -8"><span class='ocrx_word' id='word_1_372' title='bbox 115 2024 205 2044; x_wconf 74' lang='lat' dir='ltr'><em>serens</em></span> <span class='ocrx_word' id='word_1_373' title='bbox 217 2016 228 2050; x_wconf 80' lang='grc' dir='ltr'><em>ΙΙ</em></span> <span class='ocrx_word' id='word_1_374' title='bbox 245 2015 413 2051; x_wconf 79' lang='lat' dir='ltr'><em>palameden</em></span> <span class='ocrx_word' id='word_1_375' title='bbox 432 2014 496 2041; x_wconf 90' lang='lat' dir='ltr'><em>LH</em></span> <span class='ocrx_word' id='word_1_376' title='bbox 507 2015 516 2049; x_wconf 80' lang='grc' dir='ltr'><em>ΙΙ</em></span> <span class='ocrx_word' id='word_1_377' title='bbox 536 2017 568 2040; x_wconf 84' lang='grc'><em>12</em></span> <span class='ocrx_word' id='word_1_378' title='bbox 587 2013 675 2048; x_wconf 85' lang='lat' dir='ltr'><em>ipsius</em></span> <span class='ocrx_word' id='word_1_379' title='bbox 694 2022 743 2040; x_wconf 89' lang='lat' dir='ltr'><em>om.</em></span> <span class='ocrx_word' id='word_1_380' title='bbox 764 2014 868 2040; x_wconf 87' lang='lat' dir='ltr'><em>Daniel</em></span> <span class='ocrx_word' id='word_1_381' title='bbox 886 2014 896 2047; x_wconf 75' lang='lat' dir='ltr'>H</span> <span class='ocrx_word' id='word_1_382' title='bbox 916 2016 948 2040; x_wconf 89' lang='lat'><em>13</em></span> <span class='ocrx_word' id='word_1_383' title='bbox 969 2014 1006 2040; x_wconf 84' lang='lat' dir='ltr'><em>ad</em></span> <span class='ocrx_word' id='word_1_384' title='bbox 1023 2022 1047 2039; x_wconf 78' lang='lat' dir='ltr'><em>v.</em></span> <span class='ocrx_word' id='word_1_385' title='bbox 1069 2015 1119 2040; x_wconf 80' lang='lat'><em>165</em></span> <span class='ocrx_word' id='word_1_386' title='bbox 1139 2012 1251 2047; x_wconf 80' lang='lat' dir='ltr'><em>Fatale]</em></span> <span class='ocrx_word' id='word_1_387' title='bbox 1272 2012 1327 2039; x_wconf 78' lang='grc' dir='ltr'><em>τῶν</em></span> <span class='ocrx_word' id='word_1_388' title='bbox 1347 2011 1394 2046; x_wconf 77' lang='grc' dir='ltr'><em>με’-</em></span> 
     </span>
     <span class='ocr_line' id='line_1_40' title="bbox 114 2048 1396 2086; baseline -0.003 -8"><span class='ocrx_word' id='word_1_389' title='bbox 114 2060 170 2078; x_wconf 75' lang='lat' dir='ltr'><em>ww</em></span> <span class='ocrx_word' id='word_1_390' title='bbox 188 2052 248 2086; x_wconf 88' lang='lat' dir='ltr'><em>(ton</em></span> <span class='ocrx_word' id='word_1_391' title='bbox 266 2051 373 2084; x_wconf 84' lang='lat' dir='ltr'><em>meson)</em></span> <span class='ocrx_word' id='word_1_392' title='bbox 394 2071 400 2077; x_wconf 92' lang='lat'><strong>.</strong></span> <span class='ocrx_word' id='word_1_393' title='bbox 417 2071 422 2077; x_wconf 95' lang='lat'>.</span> <span class='ocrx_word' id='word_1_394' title='bbox 439 2071 445 2077; x_wconf 86' lang='grc'><strong>.</strong></span> <span class='ocrx_word' id='word_1_395' title='bbox 466 2058 525 2077; x_wconf 83' lang='lat' dir='ltr'><em>esse</em></span> <span class='ocrx_word' id='word_1_396' title='bbox 547 2049 697 2076; x_wconf 81' lang='lat' dir='ltr'><em>sublatum.</em></span> <span class='ocrx_word' id='word_1_397' title='bbox 718 2050 745 2075; x_wconf 92' lang='lat' dir='ltr'><strong><em>P</em></strong></span> <span class='ocrx_word' id='word_1_398' title='bbox 757 2051 767 2083; x_wconf 79' lang='grc' dir='ltr'><em>ΙΙ</em></span> <span class='ocrx_word' id='word_1_399' title='bbox 781 2059 831 2075; x_wconf 67' lang='lat' dir='ltr'><em>ros</em></span> <span class='ocrx_word' id='word_1_400' title='bbox 850 2058 937 2075; x_wconf 66' lang='grc'><strong>11118011</strong></span> <span class='ocrx_word' id='word_1_401' title='bbox 951 2049 976 2075; x_wconf 92' lang='lat' dir='ltr'><em>L</em></span> <span class='ocrx_word' id='word_1_402' title='bbox 995 2049 1056 2075; x_wconf 83' lang='lat' dir='ltr'><em>Tan</em></span> <span class='ocrx_word' id='word_1_403' title='bbox 1075 2056 1171 2075; x_wconf 83' lang='lat' dir='ltr'><em>meson</em></span> <span class='ocrx_word' id='word_1_404' title='bbox 1186 2048 1220 2074; x_wconf 88' lang='lat' dir='ltr'><em>H</em></span> <span class='ocrx_word' id='word_1_405' title='bbox 1234 2050 1284 2074; x_wconf 88' lang='lat' dir='ltr'><em>ton</em></span> <span class='ocrx_word' id='word_1_406' title='bbox 1298 2056 1396 2074; x_wconf 90' lang='lat' dir='ltr'><em>meson</em></span> 
     </span>
     <span class='ocr_line' id='line_1_41' title="bbox 116 2083 1396 2121; baseline -0.004 -6"><span class='ocrx_word' id='word_1_407' title='bbox 116 2087 153 2114; x_wconf 88' lang='lat' dir='ltr'><strong><em>M</em></strong></span> <span class='ocrx_word' id='word_1_408' title='bbox 177 2087 187 2121; x_wconf 84' lang='grc' dir='ltr'><em>ΙΙ</em></span> <span class='ocrx_word' id='word_1_409' title='bbox 214 2088 244 2115; x_wconf 87' lang='lat' dir='ltr'><em>et</em></span> <span class='ocrx_word' id='word_1_410' title='bbox 261 2087 336 2121; x_wconf 88' lang='lat' dir='ltr'><em>quod</em></span> <span class='ocrx_word' id='word_1_411' title='bbox 355 2089 418 2113; x_wconf 82' lang='lat' dir='ltr'><em>ante</em></span> <span class='ocrx_word' id='word_1_412' title='bbox 435 2085 573 2112; x_wconf 86' lang='lat' dir='ltr'><em>interimit</em></span> <span class='ocrx_word' id='word_1_413' title='bbox 591 2093 641 2112; x_wconf 88' lang='lat' dir='ltr'><em>om.</em></span> <span class='ocrx_word' id='word_1_414' title='bbox 662 2085 687 2111; x_wconf 93' lang='lat' dir='ltr'><em>L</em></span> <span class='ocrx_word' id='word_1_415' title='bbox 706 2086 779 2118; x_wconf 81' lang='lat' dir='ltr'><em>(add.</em></span> <span class='ocrx_word' id='word_1_416' title='bbox 800 2085 820 2116; x_wconf 85' lang='lat' dir='ltr'><em>l)</em></span> <span class='ocrx_word' id='word_1_417' title='bbox 848 2086 857 2119; x_wconf 90' lang='grc' dir='ltr'><em>ΙΙ</em></span> <span class='ocrx_word' id='word_1_418' title='bbox 887 2088 919 2111; x_wconf 90' lang='grc'><em>16</em></span> <span class='ocrx_word' id='word_1_419' title='bbox 939 2086 975 2111; x_wconf 87' lang='lat' dir='ltr'><em>ad</em></span> <span class='ocrx_word' id='word_1_420' title='bbox 994 2093 1017 2111; x_wconf 85' lang='lat' dir='ltr'><em>v.</em></span> <span class='ocrx_word' id='word_1_421' title='bbox 1039 2087 1089 2111; x_wconf 84' lang='lat'><em>166</em></span> <span class='ocrx_word' id='word_1_422' title='bbox 1110 2083 1279 2118; x_wconf 79' lang='lat' dir='ltr'><em>Palladium]</em></span> <span class='ocrx_word' id='word_1_423' title='bbox 1299 2083 1396 2110; x_wconf 81' lang='lat' dir='ltr'><em>fabula</em></span> 
     </span>
     <span class='ocr_line' id='line_1_42' title="bbox 114 2119 1394 2156; baseline -0.003 -7"><span class='ocrx_word' id='word_1_424' title='bbox 114 2122 230 2156; x_wconf 76' lang='lat' dir='ltr'><em>(fauula)</em></span> <span class='ocrx_word' id='word_1_425' title='bbox 254 2123 347 2150; x_wconf 73' lang='lat' dir='ltr'><em>autem</em></span> <span class='ocrx_word' id='word_1_426' title='bbox 370 2122 441 2149; x_wconf 80' lang='lat' dir='ltr'><em>haec</em></span> <span class='ocrx_word' id='word_1_427' title='bbox 466 2122 517 2149; x_wconf 85' lang='lat' dir='ltr'><em>est.</em></span> <span class='ocrx_word' id='word_1_428' title='bbox 555 2120 705 2148; x_wconf 84' lang='lat' dir='ltr'><em>Diomedes</em></span> <span class='ocrx_word' id='word_1_429' title='bbox 731 2122 759 2147; x_wconf 88' lang='lat' dir='ltr'><em>et</em></span> <span class='ocrx_word' id='word_1_430' title='bbox 782 2120 876 2147; x_wconf 87' lang='lat' dir='ltr'><em>Ulixes</em></span> <span class='ocrx_word' id='word_1_431' title='bbox 967 2120 1003 2147; x_wconf 87' lang='lat' dir='ltr'><em>ad</em></span> <span class='ocrx_word' id='word_1_432' title='bbox 1027 2121 1120 2147; x_wconf 78' lang='lat' dir='ltr'><em>castra</em></span> <span class='ocrx_word' id='word_1_433' title='bbox 1138 2119 1308 2146; x_wconf 81' lang='lat' dir='ltr'><em>Graecorum</em></span> <span class='ocrx_word' id='word_1_434' title='bbox 1328 2119 1394 2154; x_wconf 85' lang='lat' dir='ltr'><em>egit.</em></span> 
     </span>
     <span class='ocr_line' id='line_1_43' title="bbox 116 2155 1394 2193; baseline -0.003 -8"><span class='ocrx_word' id='word_1_435' title='bbox 116 2158 165 2193; x_wconf 83' lang='grc' dir='ltr'><em>ΡΙ</em></span> <span class='ocrx_word' id='word_1_436' title='bbox 183 2158 296 2185; x_wconf 76' lang='lat' dir='ltr'><em>arisban</em></span> <span class='ocrx_word' id='word_1_437' title='bbox 314 2158 340 2184; x_wconf 90' lang='lat' dir='ltr'><strong><em>L</em></strong></span> <span class='ocrx_word' id='word_1_438' title='bbox 358 2158 482 2192; x_wconf 77' lang='lat' dir='ltr'><em>arispam</em></span> <span class='ocrx_word' id='word_1_439' title='bbox 502 2157 572 2184; x_wconf 88' lang='lat' dir='ltr'><em>ME</em></span> <span class='ocrx_word' id='word_1_440' title='bbox 589 2158 598 2191; x_wconf 79' lang='lat' dir='ltr'>ss</span> <span class='ocrx_word' id='word_1_441' title='bbox 618 2160 649 2183; x_wconf 82' lang='grc'><em>17</em></span> <span class='ocrx_word' id='word_1_442' title='bbox 669 2156 794 2191; x_wconf 78' lang='lat' dir='ltr'><em>palladio</em></span> <span class='ocrx_word' id='word_1_443' title='bbox 815 2155 885 2183; x_wconf 77' lang='lat' dir='ltr'><em>dixit</em></span> <span class='ocrx_word' id='word_1_444' title='bbox 903 2156 932 2182; x_wconf 91' lang='lat' dir='ltr'><em>D</em></span> <span class='ocrx_word' id='word_1_445' title='bbox 951 2157 960 2190; x_wconf 81' lang='lat' dir='ltr'>ss</span> <span class='ocrx_word' id='word_1_446' title='bbox 979 2156 1044 2183; x_wconf 87' lang='lat' dir='ltr'><em>inde</em></span> <span class='ocrx_word' id='word_1_447' title='bbox 1062 2156 1128 2182; x_wconf 90' lang='lat' dir='ltr'><em>LH</em></span> <span class='ocrx_word' id='word_1_448' title='bbox 1142 2156 1152 2190; x_wconf 78' lang='grc' dir='ltr'><em>ΙΙ</em></span> <span class='ocrx_word' id='word_1_449' title='bbox 1172 2158 1204 2182; x_wconf 91' lang='grc'><em>18</em></span> <span class='ocrx_word' id='word_1_450' title='bbox 1224 2163 1394 2189; x_wconf 78' lang='lat' dir='ltr'><em>quamquam</em></span> 
     </span>
     <span class='ocr_line' id='line_1_44' title="bbox 114 2191 1396 2229; baseline -0.004 -8"><span class='ocrx_word' id='word_1_451' title='bbox 114 2194 298 2229; x_wconf 71' lang='lat' dir='ltr'><em>praestiterit]</em></span> <span class='ocrx_word' id='word_1_452' title='bbox 318 2194 452 2228; x_wconf 81' lang='lat' dir='ltr'><em>quoniam</em></span> <span class='ocrx_word' id='word_1_453' title='bbox 470 2193 649 2228; x_wconf 79' lang='lat' dir='ltr'><em>praedixerat</em></span> <span class='ocrx_word' id='word_1_454' title='bbox 666 2192 880 2227; x_wconf 75' lang='lat' dir='ltr'><em>mythoyraphus</em></span> <span class='ocrx_word' id='word_1_455' title='bbox 900 2193 910 2226; x_wconf 83' lang='grc'><em>11</em></span> <span class='ocrx_word' id='word_1_456' title='bbox 934 2195 966 2218; x_wconf 84' lang='grc'><em>19</em></span> <span class='ocrx_word' id='word_1_457' title='bbox 986 2192 1018 2218; x_wconf 89' lang='lat' dir='ltr'><em>ut</em></span> <span class='ocrx_word' id='word_1_458' title='bbox 1036 2199 1086 2226; x_wconf 85' lang='lat' dir='ltr'><em>per</em></span> <span class='ocrx_word' id='word_1_459' title='bbox 1104 2192 1209 2218; x_wconf 84' lang='lat' dir='ltr'><em>terram</em></span> <span class='ocrx_word' id='word_1_460' title='bbox 1227 2191 1343 2225; x_wconf 88' lang='lat' dir='ltr'><em>rediret]</em></span> <span class='ocrx_word' id='word_1_461' title='bbox 1364 2191 1396 2216; x_wconf 85' lang='lat' dir='ltr'><em>ut</em></span> 
     </span>
     <span class='ocr_line' id='line_1_45' title="bbox 116 2226 1394 2264; baseline -0.002 -9"><span class='ocrx_word' id='word_1_462' title='bbox 116 2237 172 2256; x_wconf 86' lang='lat' dir='ltr'><em>non</em></span> <span class='ocrx_word' id='word_1_463' title='bbox 190 2238 224 2256; x_wconf 79' lang='lat' dir='ltr'><em>ea</em></span> <span class='ocrx_word' id='word_1_464' title='bbox 242 2229 287 2256; x_wconf 87' lang='lat' dir='ltr'><em>die</em></span> <span class='ocrx_word' id='word_1_465' title='bbox 306 2238 362 2264; x_wconf 82' lang='lat' dir='ltr'><em>qua</em></span> <span class='ocrx_word' id='word_1_466' title='bbox 380 2229 475 2264; x_wconf 80' lang='lat' dir='ltr'><em>graeci</em></span> <span class='ocrx_word' id='word_1_467' title='bbox 494 2228 581 2256; x_wconf 87' lang='lat' dir='ltr'><em>ceteri</em></span> <span class='ocrx_word' id='word_1_468' title='bbox 598 2228 747 2262; x_wconf 71' lang='lat' dir='ltr'><em>nauigaret</em></span> <span class='ocrx_word' id='word_1_469' title='bbox 763 2227 785 2254; x_wconf 82' lang='lat'><em>0</em></span> <span class='ocrx_word' id='word_1_470' title='bbox 801 2229 834 2254; x_wconf 87' lang='lat' dir='ltr'><em>ut</em></span> <span class='ocrx_word' id='word_1_471' title='bbox 847 2236 902 2254; x_wconf 91' lang='grc'><strong>11011</strong></span> <span class='ocrx_word' id='word_1_472' title='bbox 922 2249 928 2254; x_wconf 87' lang='grc'><strong>.</strong></span> <span class='ocrx_word' id='word_1_473' title='bbox 946 2249 951 2254; x_wconf 94' lang='grc'><em>.</em></span> <span class='ocrx_word' id='word_1_474' title='bbox 967 2249 972 2254; x_wconf 95' lang='grc'>.</span> <span class='ocrx_word' id='word_1_475' title='bbox 993 2227 1141 2261; x_wconf 82' lang='lat' dir='ltr'><em>nauigaret</em></span> <span class='ocrx_word' id='word_1_476' title='bbox 1160 2228 1188 2254; x_wconf 89' lang='lat' dir='ltr'><em>et</em></span> <span class='ocrx_word' id='word_1_477' title='bbox 1206 2226 1312 2253; x_wconf 76' lang='lat' dir='ltr'><em>faceret</em></span> <span class='ocrx_word' id='word_1_478' title='bbox 1331 2235 1394 2252; x_wconf 88' lang='lat' dir='ltr'><em>eum</em></span> 
     </span>
     <span class='ocr_line' id='line_1_46' title="bbox 115 2263 1393 2299; baseline -0.002 -7"><span class='ocrx_word' id='word_1_479' title='bbox 115 2272 165 2298; x_wconf 83' lang='lat' dir='ltr'><em>per</em></span> <span class='ocrx_word' id='word_1_480' title='bbox 181 2265 285 2292; x_wconf 77' lang='lat' dir='ltr'><em>tertam</em></span> <span class='ocrx_word' id='word_1_481' title='bbox 308 2265 399 2292; x_wconf 86' lang='lat' dir='ltr'><em>redire</em></span> <span class='ocrx_word' id='word_1_482' title='bbox 423 2265 504 2299; x_wconf 78' lang='lat' dir='ltr'><em>vulyo</em></span> <span class='ocrx_word' id='word_1_483' title='bbox 526 2265 536 2299; x_wconf 80' lang='lat' dir='ltr'>fl</span> <span class='ocrx_word' id='word_1_484' title='bbox 558 2273 609 2299; x_wconf 88' lang='lat' dir='ltr'><em>per</em></span> <span class='ocrx_word' id='word_1_485' title='bbox 632 2272 682 2291; x_wconf 84' lang='lat' dir='ltr'><em>om.</em></span> <span class='ocrx_word' id='word_1_486' title='bbox 703 2264 737 2290; x_wconf 90' lang='lat' dir='ltr'><em>M</em></span> <span class='ocrx_word' id='word_1_487' title='bbox 761 2265 770 2298; x_wconf 91' lang='grc' dir='ltr'><em>ΙΙ</em></span> <span class='ocrx_word' id='word_1_488' title='bbox 793 2263 868 2297; x_wconf 89' lang='lat' dir='ltr'><em>quod</em></span> <span class='ocrx_word' id='word_1_489' title='bbox 895 2264 924 2290; x_wconf 89' lang='lat' dir='ltr'><em>et</em></span> <span class='ocrx_word' id='word_1_490' title='bbox 946 2263 1067 2297; x_wconf 81' lang='lat' dir='ltr'><em>contigit</em></span> <span class='ocrx_word' id='word_1_491' title='bbox 1089 2271 1139 2289; x_wconf 90' lang='lat' dir='ltr'><em>om.</em></span> <span class='ocrx_word' id='word_1_492' title='bbox 1160 2263 1197 2288; x_wconf 85' lang='lat' dir='ltr'><em>M</em></span> <span class='ocrx_word' id='word_1_493' title='bbox 1222 2264 1307 2296; x_wconf 76' lang='lat' dir='ltr'><em>(supr.</em></span> <span class='ocrx_word' id='word_1_494' title='bbox 1327 2269 1393 2289; x_wconf 72' lang='lat' dir='ltr'><em>vers,</em></span> 
     </span>
    </p>

    <p class='ocr_par' dir='ltr' id='par_1_18' title="bbox 117 2306 1396 2372">
     <span class='ocr_line' id='line_1_47' title="bbox 407 2306 1394 2333; baseline -0.005 -3"><span class='ocrx_word' id='word_1_495' title='bbox 407 2311 435 2330; x_wconf 60' lang='lat' dir='ltr'><em>nt</em></span> <span class='ocrx_word' id='word_1_496' title='bbox 448 2316 487 2330; x_wconf 84' lang='lat' dir='ltr'><em>um</em></span> <span class='ocrx_word' id='word_1_497' title='bbox 501 2312 508 2330; x_wconf 79' lang='lat' dir='ltr'><em>l</em></span> <span class='ocrx_word' id='word_1_498' title='bbox 570 2310 597 2330; x_wconf 62' lang='lat' dir='ltr'><em>ai*</em></span> <span class='ocrx_word' id='word_1_499' title='bbox 610 2315 717 2333; x_wconf 77' lang='lat' dir='ltr'><em>passuros</em></span> <span class='ocrx_word' id='word_1_500' title='bbox 732 2311 739 2329; x_wconf 84' lang='lat' dir='ltr'><em>l</em></span> <span class='ocrx_word' id='word_1_501' title='bbox 1213 2308 1241 2327; x_wconf 62' lang='lat' dir='ltr'><em>a?</em></span> <span class='ocrx_word' id='word_1_502' title='bbox 1251 2306 1363 2330; x_wconf 75' lang='lat' dir='ltr'><em>perituros</em></span> <span class='ocrx_word' id='word_1_503' title='bbox 1373 2312 1394 2326; x_wconf 83' lang='lat' dir='ltr'><em>m</em></span> 
     </span>
     <span class='ocr_line' id='line_1_48' title="bbox 117 2333 1396 2372; baseline -0.003 -10"><span class='ocrx_word' id='word_1_504' title='bbox 117 2335 180 2362; x_wconf 86' lang='lat' dir='ltr'><em>add.</em></span> <span class='ocrx_word' id='word_1_505' title='bbox 193 2336 230 2369; x_wconf 85' lang='lat' dir='ltr'><em>m)</em></span> <span class='ocrx_word' id='word_1_506' title='bbox 243 2337 253 2370; x_wconf 85' lang='grc' dir='ltr'><em>ΙΙ</em></span> <span class='ocrx_word' id='word_1_507' title='bbox 267 2339 301 2363; x_wconf 80' lang='lat'><em>20</em></span> <span class='ocrx_word' id='word_1_508' title='bbox 320 2337 467 2372; x_wconf 76' lang='lat' dir='ltr'><em>naufragio</em></span> <span class='ocrx_word' id='word_1_509' title='bbox 486 2344 545 2363; x_wconf 88' lang='lat' dir='ltr'><em>esse</em></span> <span class='ocrx_word' id='word_1_510' title='bbox 564 2336 715 2371; x_wconf 83' lang='lat' dir='ltr'><em>pertituros</em></span> <span class='ocrx_word' id='word_1_511' title='bbox 731 2343 765 2362; x_wconf 75' lang='lat' dir='ltr'><em>ex</em></span> <span class='ocrx_word' id='word_1_512' title='bbox 778 2334 918 2369; x_wconf 86' lang='lat' dir='ltr'><em>periturus</em></span> <span class='ocrx_word' id='word_1_513' title='bbox 932 2335 957 2361; x_wconf 87' lang='lat' dir='ltr'><em>L</em></span> <span class='ocrx_word' id='word_1_514' title='bbox 975 2333 1123 2369; x_wconf 75' lang='lat' dir='ltr'><em>naufragio</em></span> <span class='ocrx_word' id='word_1_515' title='bbox 1138 2342 1198 2360; x_wconf 88' lang='lat' dir='ltr'><em>esse</em></span> <span class='ocrx_word' id='word_1_516' title='bbox 1212 2340 1342 2367; x_wconf 83' lang='lat' dir='ltr'><em>passuros</em></span> <span class='ocrx_word' id='word_1_517' title='bbox 1358 2333 1396 2359; x_wconf 88' lang='lat' dir='ltr'><em>M</em></span> 
     </span>
    </p>
   </div>
   <div class='ocr_carea' id='block_1_14' title="bbox 241 2381 553 2406">
    <p class='ocr_par' dir='ltr' id='par_1_19' title="bbox 241 2381 553 2406">
     <span class='ocr_line' id='line_1_49' title="bbox 241 2381 553 2406; baseline 0 -5"><span class='ocrx_word' id='word_1_518' title='bbox 241 2381 277 2401; x_wconf 69' lang='lat' dir='ltr'><em>fo</em></span> <span class='ocrx_word' id='word_1_519' title='bbox 291 2387 302 2401; x_wconf 75' lang='grc' dir='ltr'><strong><em>ε</em></strong></span> <span class='ocrx_word' id='word_1_520' title='bbox 388 2382 402 2403; x_wconf 84' lang='lat'><em>†</em></span> <span class='ocrx_word' id='word_1_521' title='bbox 415 2382 529 2406; x_wconf 78' lang='lat' dir='ltr'><em>perituros</em></span> <span class='ocrx_word' id='word_1_522' title='bbox 542 2387 553 2401; x_wconf 79' lang='lat' dir='ltr'><em>e</em></span> 
     </span>
    </p>
   </div>
   <div class='ocr_carea' id='block_1_15' title="bbox 115 2403 1337 2443">
    <p class='ocr_par' dir='ltr' id='par_1_20' title="bbox 115 2403 1337 2443">
     <span class='ocr_line' id='line_1_50' title="bbox 115 2403 1337 2443; baseline -0.002 -10"><span class='ocrx_word' id='word_1_523' title='bbox 115 2406 291 2442; x_wconf 72' lang='lat' dir='ltr'><em>naufragium</em></span> <span class='ocrx_word' id='word_1_524' title='bbox 309 2415 369 2435; x_wconf 84' lang='lat' dir='ltr'><em>esse</em></span> <span class='ocrx_word' id='word_1_525' title='bbox 388 2417 518 2443; x_wconf 80' lang='lat' dir='ltr'><em>passuros</em></span> <span class='ocrx_word' id='word_1_526' title='bbox 537 2408 567 2434; x_wconf 90' lang='lat' dir='ltr'><em>E</em></span> <span class='ocrx_word' id='word_1_527' title='bbox 579 2409 589 2442; x_wconf 79' lang='grc' dir='ltr'><em>ΙΙ</em></span> <span class='ocrx_word' id='word_1_528' title='bbox 607 2411 640 2435; x_wconf 79' lang='lat'><em>23</em></span> <span class='ocrx_word' id='word_1_529' title='bbox 661 2407 843 2435; x_wconf 77' lang='lat' dir='ltr'><em>Calchantem</em></span> <span class='ocrx_word' id='word_1_530' title='bbox 861 2406 965 2434; x_wconf 87' lang='lat' dir='ltr'><em>Daniel</em></span> <span class='ocrx_word' id='word_1_531' title='bbox 979 2406 988 2440; x_wconf 87' lang='grc' dir='ltr'><em>ΙΙ</em></span> <span class='ocrx_word' id='word_1_532' title='bbox 1006 2414 1057 2441; x_wconf 85' lang='lat' dir='ltr'><em>pro</em></span> <span class='ocrx_word' id='word_1_533' title='bbox 1078 2405 1143 2433; x_wconf 89' lang='lat' dir='ltr'><em>odio</em></span> <span class='ocrx_word' id='word_1_534' title='bbox 1163 2413 1213 2432; x_wconf 84' lang='lat' dir='ltr'><em>om.</em></span> <span class='ocrx_word' id='word_1_535' title='bbox 1233 2403 1337 2431; x_wconf 88' lang='lat' dir='ltr'><em>Daniel</em></span> 
     </span>
    </p>
   </div>
  </div>
 </body>
</html>
