1630 2684
422 153 535 181 COMM.
556 154 596 181 IN
614 152 721 201 YERG.
741 153 825 181 AEN.
846 154 865 182 Ι.
886 157 1035 182 385-392,
1307 155 1367 187 131

86 236 210 277 omnia,
236 233 320 274 Ζεὺς
342 237 476 268 vocatur
503 233 567 267 ἀπὸ
591 235 650 277 τῆς
674 235 768 277 ζωῆς,
798 236 831 267 id
862 238 912 268 est
936 236 1013 268 vita.
1104 245 1226 269 cARsz
1251 237 1370 278 accipis

86 289 188 328 modo,
211 291 250 321 ut
268 291 305 321 et
327 289 521 331 placidam
544 289 758 330 carpebant
781 290 950 321 membra
974 290 1150 332 quietem.
1241 299 1371 322 TYRIAM

86 341 320 386 Carthaginem
344 354 363 375 a
386 342 519 375 colonis.
594 352 796 375 ADvnul-:ms
821 352 940 375 vnssEM
964 343 1190 386 hysterologia
1209 346 1245 376 ut
1265 356 1371 386 supra,

84 396 140 429 hoe
170 399 214 429 est
244 397 287 428 ad
316 396 421 428 urbem
452 397 578 429 veneris.
669 406 785 429 PERGE
821 405 922 430 nono
951 397 1189 429 tantummodo:
1217 397 1279 429 hoc
1313 400 1371 436 est,

85 450 167 483 haec
189 450 252 483 tibi
276 450 346 482 sola
370 450 413 482 sit
438 461 527 492 cura,
550 462 627 483 nam
651 450 810 483 liberatae
834 452 911 483 sunt
933 462 1041 483 naves.

173 503 248 536 389.
280 513 418 535 PERFER
445 504 659 545 imperativus
690 504 804 536 modus
837 506 900 546 est,
930 506 967 536 ut
997 504 1056 536 fer
1087 504 1235 536 cineres
1260 503 1370 536 Ama-

83 557 179 599 rylli
203 556 319 590 foras.

172 610 247 643 390.
279 619 438 643 REDVCES
463 611 594 652 proprie
619 610 783 643 ‘reduces’
803 610 954 643 dicuntur
978 611 1034 652 qui
1053 611 1196 652 pericula
1215 611 1371 644 evadunt:

83 663 131 696 sic
154 663 240 696 infra
262 666 304 696 ut
326 664 486 697 reduces
510 665 573 696 illi
597 664 751 706 ludunt,
783 664 908 696 scilicet
930 667 1006 706 post
1029 665 1208 706 periculum
1232 666 1371 698 inlatum

83 717 124 750 ab
148 718 268 760 aquila.

172 771 246 803 391.
281 780 404 804 vensis
428 781 668 811 AQV1L0N113vs
694 775 750 804 aut
767 773 894 813 speciem
913 782 974 812 pro
993 782 1102 813 yenere
1119 773 1238 814 posuit,
1256 772 1312 805 hoc
1329 776 1374 805 est

83 825 212 857 mutatis
235 826 347 864 ventis,
375 828 432 857 aut
460 826 548 868 quia,
576 828 750 868 postquam
778 825 818 857 ad
841 824 990 857 Africam
1017 826 1080 857 iter
1109 828 1289 868 verterunt,
1320 826 1372 858 ad-

82 888 194 910 versus
218 880 293 911 ante
315 878 437 921 Aquilo
462 879 569 921 coepit
593 891 663 912 esse
687 879 936 921 prosperrimus.

172 931 247 964 392.
279 941 317 964 NI
341 941 501 965 rssvsrRA
525 942 711 966 Avcvmvn
737 942 823 965 vAM
847 941 1013 966 noevum:
1038 942 1221 965 PARENTES
1246 933 1307 965 hoc
1331 933 1371 964 ad

84 985 339 1018 confirmandum
362 997 505 1018 errorem
530 986 658 1018 Aeneae
682 987 777 1028 dixit,
801 998 841 1018 ne
865 986 1039 1018 divinando
1060 986 1120 1018 dea
1139 997 1209 1018 esse
1229 986 1371 1018 credere-

85 1040 147 1071 tur.
175 1041 205 1071 et
227 1042 271 1072 est
291 1043 508 1081 aryumentum
530 1041 574 1072 acl
594 1041 771 1080 fallaciam,
795 1051 833 1072 ne
855 1040 1012 1080 intelleyat
1033 1041 1129 1072 (leam.
1158 1039 1243 1082 quod
1263 1041 1371 1072 autem

83 1092 163 1125 dicit
190 1092 284 1125 ‘vani
311 1093 490 1136 parentes',
518 1096 575 1126 aut
603 1093 778 1135 hypallage
809 1096 872 1135 est,
906 1093 937 1125 id
966 1095 1017 1124 est
1044 1104 1163 1125 vanum
1191 1093 1371 1135 augurium,

83 1147 120 1178 ut
143 1146 232 1178 dare
256 1146 453 1179 classibus
477 1149 636 1179 austros
665 1148 698 1179 et
725 1147 838 1178 ibant
868 1146 1024 1178 obscuri
1053 1146 1138 1178 sola
1166 1146 1234 1178 sub
1258 1148 1371 1178 nocte

82 1211 143 1242 pro
171 1200 235 1242 ipsi
259 1200 321 1232 soli
348 1211 406 1241 per
435 1200 606 1232 obscuram
634 1202 780 1242 noctem3
811 1202 868 1231 aut
896 1202 983 1232 certe
1008 1199 1100 1231 ‘vani
1123 1199 1290 1241 parentes'
1316 1200 1371 1242 qui

82 1263 135 1285 res
159 1252 260 1285 falsas
285 1255 318 1285 et
339 1253 452 1285 inanes
477 1254 602 1286 docent.
631 1256 664 1285 et
686 1265 745 1295 per
767 1253 829 1285 hoc
854 1253 1001 1294 decipere
1020 1253 1209 1295 plerumque
1229 1253 1371 1286 ostendit

83 1307 228 1349 auguria.
274 1307 369 1339 multi
399 1308 515 1339 volunt
546 1307 587 1340 ad
616 1308 755 1340 nimium
779 1307 846 1348 *hoc
877 1318 1021 1338 amorem
1048 1308 1221 1348 parentum
1249 1307 1371 1349 referri,

83 1361 139 1403 qui
169 1361 387 1393 teneritudine
420 1361 556 1393 affectus
592 1361 691 1393 etiam
725 1361 887 1402 superflua
919 1360 1040 1392 liberos
1073 1360 1197 1392 docent.
1243 1361 1370 1401 quidam

84 1413 190 1447 ‘vani'
213 1415 371 1447 mendaces
395 1415 531 1447 tradunt.
581 1414 751 1447 Sallustius
779 1415 814 1446 in
842 1414 999 1455 Iuyurtha
1026 1425 1111 1446 nam
1138 1424 1199 1455 eyo
1227 1415 1370 1455 quidem

82 1467 208 1500 vellem
231 1471 264 1500 et
285 1468 371 1500 haee
393 1479 484 1509 quae
506 1468 625 1500 scribo
649 1471 682 1500 et
704 1468 775 1501 illa
803 1478 894 1509 quae
922 1470 1032 1500 antea
1060 1469 1101 1499 in
1127 1470 1258 1500 senatu
1286 1479 1369 1509 que-

81 1523 162 1554 stus
183 1532 262 1554 sum
285 1532 381 1554 vana
402 1522 529 1562 forent
544 1523 686 1564 potius,
710 1533 817 1563 quam
835 1522 990 1554 miseria
1013 1532 1091 1554 mea
1112 1521 1227 1561 fidem
1249 1522 1370 1554 verbis
1390 1544 1403 1551 ..

80 1574 230 1615 faceret.
278 1575 438 1607 Terentius
470 1576 505 1607 in
538 1575 725 1608 Phormione
756 1576 810 1608 ubi
842 1575 1016 1608 adulescens
1049 1575 1185 1607 lenonem
1218 1576 1370 1607 mendacii

82 1629 189 1669 aryuit
209 1639 283 1660 non
306 1631 338 1660 te
354 1629 471 1669 pudet
492 1630 701 1662 vanitatis?

155 1764 171 1788 2
191 1762 220 1788 et
237 1761 392 1796 placidam]
412 1761 444 1789 A.
460 1761 499 1787 IV
514 1764 564 1788 522
585 1762 619 1788 cf.
641 1761 788 1788 Ribbeckii
808 1761 901 1788 adnot.
923 1761 982 1788 crit.
998 1762 1037 1794 116
1057 1760 1110 1794 fer]
1131 1760 1193 1786 buc.
1210 1760 1274 1786 VIII
1295 1763 1343 1787 101
1361 1762 1368 1795 U

83 1800 100 1823 9
118 1798 151 1823 ut
169 1797 296 1831 reduces]
316 1797 348 1823 A.
368 1797 380 1823 l
399 1800 450 1823 397
474 1798 484 1831 ΙΙ
509 1801 540 1824 18
560 1797 639 1831 dare]
667 1797 698 1823 A.
719 1797 756 1822 III
777 1800 808 1823 61
833 1798 842 1830 ΙΙ
866 1797 958 1831 ibant]
983 1797 1014 1823 A.
1035 1796 1073 1822 VI
1093 1798 1144 1822 268
1169 1797 1178 1829 ΙΙ
1202 1799 1234 1821 22
1255 1796 1368 1829 quidam

82 1832 148 1859 vani
168 1833 315 1859 mendaces
339 1832 465 1867 tradunt]
491 1833 525 1860 cf.
547 1833 617 1860 Gell.
639 1833 729 1859 XVIII
750 1836 780 1866 4,
800 1836 815 1858 9
839 1834 848 1866 [Ι
871 1835 904 1859 23
929 1832 958 1858 in
977 1831 1125 1866 Iugurtha]
1146 1834 1193 1865 24,
1214 1834 1229 1857 9
1253 1832 1263 1865 ΙΙ
1286 1835 1319 1857 26
1339 1831 1367 1857 in

84 1867 263 1903 Phormione]
284 1868 323 1895 III
343 1871 368 1902 2,
387 1871 421 1894 40

156 1996 169 2019 1
190 2002 247 2019 zmc
267 1993 299 2019 Κ
318 1994 328 2027 ΙΙ
351 2002 406 2020 ano
426 2003 475 2019 Tm:
495 2003 566 2019 cuuw
586 1992 613 2018 B
633 2000 686 2018 ano
706 2002 754 2018 Tne
773 2001 839 2018 zonc
858 1992 883 2017 L
907 2000 962 2018 ano
983 2001 1032 2017 rmc
1052 2001 1118 2017 zone
1137 1991 1171 2016 H
1187 1991 1258 2024 ζωῆς
1278 1991 1306 2017 id
1326 1992 1369 2018 est

84 2027 144 2055 uita
167 2036 216 2055 om.
238 2028 292 2055 GP
316 2031 393 2062 (zone
418 2030 482 2055 add.
503 2028 551 2062 0³)
575 2029 584 2061 ΙΙ
607 2036 624 2053 a
643 2027 704 2054 uita
721 2027 749 2053 B
772 2029 781 2061 ΙΙ
804 2031 819 2053 3
840 2028 871 2053 ut
890 2035 975 2061 supra
993 2035 1043 2053 om.
1066 2027 1119 2053 ΟΡ
1137 2027 1146 2060 ΙΙ
1170 2030 1186 2053 6
1212 2027 1249 2053 αιῑ
1271 2035 1296 2052 v.
1315 2029 1366 2053 389

84 2063 190 2098 Perfer]
210 2064 393 2098 imperatiuus
413 2086 419 2091 .
436 2086 441 2091 .
459 2085 465 2091 .
485 2064 567 2090 foras.
593 2063 620 2088 P
638 2064 647 2097 {l
670 2066 686 2089 8
713 2064 751 2089 atl
768 2072 792 2089 v.
813 2066 865 2089 390
885 2063 1024 2097 Reduces]
1048 2062 1160 2096 proprie
1185 2084 1190 2089 .
1207 2083 1212 2088 .
1233 2083 1238 2088 .
1263 2062 1367 2096 aquila.

85 2099 113 2124 P
130 2100 140 2134 Ι
161 2099 277 2126 reduces
296 2108 346 2127 om.
366 2100 426 2126 BP
444 2102 454 2134 ΙΙ
476 2100 542 2133 quia
563 2099 585 2125 C
606 2100 615 2132 fl
638 2102 653 2124 9
679 2099 751 2124 sicut
771 2099 797 2124 P
816 2100 825 2132 ss
850 2101 881 2124 13
908 2098 1041 2124 aduersus
1065 2099 1129 2124 ante
1153 2106 1202 2124 om.
1222 2097 1249 2123 B
1272 2099 1281 2131 ΙΙ
1304 2106 1366 2131 pro-

85 2135 246 2169 sperrimus]
266 2135 404 2169 posterior
422 2136 449 2161 B
473 2137 482 2170 Η
507 2138 539 2161 14
558 2135 595 2161 ad
613 2143 637 2161 υ.
658 2137 709 2161 392
730 2134 802 2160 Vani
822 2134 964 2168 parentes]
990 2134 1038 2167 qui
1058 2142 1100 2160 res
1118 2133 1204 2160 falsas
1223 2134 1252 2159 et
1270 2134 1366 2159 inanes

85 2170 194 2198 docent.
213 2171 260 2205 ΡΙΙ
274 2180 336 2198 nm
355 2181 475 2198 noevum:
494 2180 626 2197 masuras
647 2191 652 2196 .
669 2191 674 2196 .
691 2190 696 2196 .
717 2170 792 2203 quod
809 2170 904 2196 autem
919 2169 988 2196 dicit
1003 2169 1068 2196 vani
1082 2177 1131 2195 om.
1147 2169 1174 2195 B
1188 2170 1197 2203 ss
1213 2172 1245 2195 15
1266 2168 1367 2195 dixisse

87 2204 111 2232 G
134 2214 169 2232 ne
192 2206 344 2233 divinando
367 2207 421 2234 dea.
444 2215 503 2233 esec
527 2206 651 2232 omittens
673 2207 682 2239 ΙΙ
704 2205 847 2231 uideretur
865 2205 890 2231 L
914 2206 956 2238 (at
978 2205 1138 2231 crederetur
1159 2212 1291 2238 superser.
1317 2205 1335 2237 l)
1358 2206 1367 2238 ἐξ

87 2243 119 2267 17
138 2242 188 2268 aut
205 2242 355 2276 hypallage
375 2244 419 2269 est
438 2263 444 2269 .
461 2264 466 2268 .
483 2263 489 2269 .
509 2243 559 2268 aut
578 2243 653 2268 certe
672 2240 737 2268 vani
756 2242 886 2275 parentes
904 2249 954 2267 om.
975 2241 1007 2267 ΙΙ
1019 2242 1028 2274 ΙΙ
1051 2244 1082 2266 19
1103 2240 1155 2266 soli
1174 2240 1254 2266 ibant
1272 2240 1299 2265 B
1318 2248 1367 2273 per

87 2276 232 2304 obscuram
249 2278 362 2304 noctem
381 2279 506 2304 omittens
528 2279 538 2311 ΙΙ
561 2280 595 2303 20
619 2278 648 2303 et
671 2285 721 2310 per
740 2277 793 2303 hoc
813 2297 818 2303 .
835 2298 840 2303 .
858 2298 863 2303 .
882 2277 965 2303 multi
984 2277 1083 2302 volunt
1105 2284 1155 2302 om.
1175 2275 1201 2301 L
1220 2276 1261 2308 (in
1279 2283 1364 2308 marq.

86 2311 149 2339 add.
168 2313 187 2346 l)
209 2314 219 2346 u
241 2316 274 2339 21
294 2313 441 2348 augurium
461 2313 484 2339 G
504 2314 514 2347 11
537 2316 570 2339 22
599 2312 704 2339 efectus
723 2312 750 2338 B
773 2313 783 2346 ΙΙ
806 2315 839 2338 23
859 2321 931 2338 uane
952 2312 974 2338 G
995 2314 1074 2345 (corr.
1095 2312 1153 2338 ead.
1173 2312 1219 2343 m.)
1241 2313 1251 2344 ΙΙ
1273 2310 1365 2344 iugur-

85 2346 166 2374 thino
185 2348 220 2374 0²
239 2349 249 2382 ΙΙ
271 2351 306 2375 24
325 2350 456 2382 quaestus
477 2348 500 2375 Ο
520 2349 530 2382 fl
553 2351 586 2375 25
608 2348 690 2382 vana]
711 2356 800 2374 ucana
820 2347 843 2374 Ο
858 2348 868 2382 ΙΙ
890 2347 1003 2374 miseria}
1022 2356 1055 2373 ea
1075 2348 1097 2373 C
1115 2347 1159 2379 (cfr
1177 2346 1221 2379 (2¹²)
1242 2347 1252 2380 ΙΙ
1273 2349 1306 2372 ’26
1326 2346 1365 2372 fa-

28 2408 31 2409 ⁷
87 2384 161 2409 ceret
178 2391 227 2410 om.
248 2384 271 2410 Ο
291 2385 301 2418 11
324 2384 460 2411 sormione
481 2385 503 2410 Ο
523 2385 533 2418 fl
557 2387 588 2411 27
609 2385 708 2418 arguet
728 2383 751 2410 G

1117 2426 1152 2452 9*

1390 458 1406 480 5

1392 725 1424 748 10

1392 993 1423 1015 15

1390 1260 1423 1284 20
