1630 2684
432 170 544 198 COMM.
564 169 604 196 IN
624 168 731 196 VERG.
751 168 835 195 AEN.
855 169 875 195 Ι.
897 171 1045 196 101-188.
1337 167 1377 198 51

101 254 323 286 incumbere
345 252 476 293 remis,
499 251 678 293 obliquat
701 250 809 282 sinus
833 249 873 281 in
895 251 1041 282 ventos.
1122 252 1150 281 et
1172 249 1226 281 hoc
1249 250 1284 281 de
1306 249 1381 280 navi

101 307 234 346 Aeneae,
252 316 296 339 an
315 306 351 338 de
369 304 509 337 omnibus
527 304 631 336 dizit?
725 316 785 336 Tm
806 316 923 335 motum
941 316 1071 335 AVERTIT
1092 303 1151 334 alii
1174 302 1298 343 ‘prora'
1324 302 1381 343 leyi

100 362 235 393 tradunt.
333 367 486 390 AVER'HT
523 368 582 399 pro
620 356 824 389 ‘avertitur'.
879 358 911 388 et
949 358 999 388 est
1036 356 1140 398 figura
1177 356 1381 388 creberrima.

101 415 212 456 potest
233 423 372 454 namque
395 423 453 453 pro
478 411 577 443 activi
595 410 687 443 verbi
707 410 946 452 significatione
969 410 1134 451 passivum
1157 410 1248 451 poni,
1272 411 1307 440 ut
1331 412 1382 440 est

102 470 139 500 et
157 466 276 509 pictis
295 465 495 497 bellantur
515 465 729 496 Amazones
754 463 869 495 armis
889 474 948 504 pro
968 463 1101 495 bellant.
1129 473 1188 494 nec
1206 473 1265 494 nos
1286 462 1382 494 debet

101 531 231 554 movere
261 519 345 562 quod
375 519 480 551 bellor
508 530 574 551 non
604 518 696 559 facit,
726 519 843 549 natura
873 517 959 548 enim
989 516 1052 548 hoc
1082 516 1259 557 prohibuit.
1304 527 1381 547 nam

100 585 245 616 conpone
269 573 330 605 hoc
353 573 501 614 verbum,
525 574 558 604 et
586 572 750 603 invenitur
777 571 933 611 activum,
962 570 1040 602 facit
1069 569 1154 601 enim
1178 569 1305 601 debello
1330 569 1381 601 de-

100 628 212 660 bellor.
259 632 292 659 et
317 628 430 658 contra
452 637 511 667 pro
536 625 659 667 passivi
686 625 778 657 verbi
807 623 1047 666 significatione
1075 624 1215 656 activum
1240 623 1382 665 ponitur,

100 683 138 714 ut
161 683 211 714 est
233 680 295 712 hoc
319 678 468 712 ‘avertit’
491 690 551 720 pro
575 678 746 719 avertitur,
769 680 802 710 et
824 678 1000 709 insinuat
1022 688 1141 719 pavor
1159 688 1218 718 pro
1238 676 1382 708 insinua-

100 737 163 774 tur,
187 737 220 767 et
241 744 314 766 nox
337 733 464 765 umida
488 732 594 764 caelo
618 731 856 773 praecipitat
875 742 933 772 pro
953 730 1195 772 praecipitatur.
1229 729 1284 761 sed
1303 729 1383 761 11388

99 788 200 821 verba
227 787 452 820 tantummodo
481 797 540 828 pro
571 796 604 817 se
633 785 770 817 invicem
799 787 977 826 ponuntur,
1005 795 1087 826 quae
1116 786 1149 815 et
1177 783 1284 815 activa
1312 794 1382 814 esse

100 843 238 884 possunt
265 842 298 873 et
324 840 470 882 passiva,
503 841 540 871 ut
571 841 621 871 est
654 840 764 870 averto
793 839 936 879 avert0r‚
964 837 1143 879 praecipito
1176 837 1383 878 praecipitor.

101 905 179 937 ergo
202 906 268 927 non
290 905 462 936 possumus
492 893 598 925 dicere
627 892 713 934 quod
742 892 872 934 quidam
901 891 1124 933 artigraphus,
1151 891 1382 923 declinationes

101 948 200 981 activi
223 948 315 980 verbi
340 949 372 980 et
395 947 518 989 passivi
541 957 600 988 pro
625 957 659 978 se
683 946 822 978 invicem
840 946 926 987 poni.
956 953 1033 977 11331
1057 947 1090 977 et
1113 945 1268 976 neutralis
1293 944 1383 976 verbi

101 1001 274 1034 declinatio
299 1002 406 1034 activa
430 1003 480 1033 est
504 1003 536 1032 et
556 999 733 1032 communis
754 999 985 1040 deponentisve
1005 999 1149 1041 passiva,
1172 1000 1205 1030 et
1224 997 1311 1029 aliud
1334 999 1384 1029 est

102 1066 172 1087 esse
196 1055 338 1087 activum
361 1054 508 1095 verbum,
532 1053 620 1085 aliud
642 1053 763 1084 habere
788 1052 887 1084 activi
910 1052 1001 1084 verbi
1026 1052 1284 1084 declinationem.

194 1108 266 1140 105.
298 1117 369 1140 DA'r
393 1115 506 1139 LATvs
535 1106 718 1138 inclinatur.
810 1113 954 1137 cvano
984 1105 1162 1137 altitudine.
1254 1105 1383 1144 omno]

91 1160 281 1194 ‘exuberante
303 1162 414 1202 fluctu,
437 1171 506 1192 811111
529 1160 658 1192 cumulo.
748 1167 975 1191 PRAERVPTVS
1005 1158 1039 1190 in
1070 1159 1171 1190 altum
1195 1159 1330 1190 levatus.

195 1215 266 1247 106.
299 1228 337 1247 ιη
359 1225 420 1255 pro
452 1214 502 1246 illi
533 1214 579 1245 vel
606 1213 677 1254 alii,
705 1215 733 1244 et
759 1213 830 1244 bene
857 1212 999 1244 dictietfis.
1090 1225 1140 1245 ms
1162 1223 1222 1252 pro
1249 1212 1313 1244 illis
1340 1212 1385 1243 vel

102 1268 184 1300 aliis.
274 1275 471 1299 DEHISCENS
499 1266 594 1298 valde
624 1266 760 1298 hiscens.
808 1264 879 1297 ‘de'
908 1265 994 1297 enim
1023 1266 1173 1308 augentis
1203 1267 1264 1307 est,
1292 1266 1386 1296 utin

103 1321 254 1353 Terentio
279 1321 411 1352 deamo
434 1322 472 1352 te
497 1319 601 1361 Syre

194 1375 267 1407 107
298 1383 427 1406 APERIT
457 1373 612 1415 ostendit,
640 1374 677 1404 ut
701 1372 876 1405 Sallustius
905 1375 1021 1414 caput
1049 1373 1199 1415 aperire
1229 1373 1385 1411 solitus,

105 1428 138 1460 id
166 1430 216 1460 est
242 1428 375 1469 nudare,
406 1427 585 1459 ostendere.
630 1427 674 1458 318
700 1426 776 1458 alibi
803 1426 883 1457 visa
910 1426 1057 1467 aperire
1077 1437 1127 1466 111
1132 1427 1212 1458 ocul
1239 1429 1385 1458 montes.

105 1491 179 1513 sane
201 1482 291 1513 aliter
313 1481 362 1513 hic
384 1480 523 1523 aperit',
550 1481 641 1512 aliter
669 1479 797 1512 ostium
820 1479 944 1520 aperit'.
1034 1488 1186 1512 HARENIS
1211 1482 1243 1511 et
1267 1480 1307 1511 ab
1331 1479 1385 1511 ha-

105 1534 192 1567 renis
216 1537 249 1566 et
271 1545 344 1567 cum
367 1534 512 1576 harenis,
534 1534 567 1565 id
591 1536 640 1565 est
662 1533 714 1565 vel
745 1534 785 1565 ab
814 1534 880 1565 imo
909 1533 1100 1565 movebatur
1124 1545 1213 1566 mare
1237 1533 1288 1564 vel
1313 1543 1384 1565 cum

106 1588 185 1630 ipsis
209 1588 355 1629 harenis,
378 1590 414 1620 ut
437 1588 470 1619 in
493 1589 686 1629 tempestate
710 1587 801 1619 solet.

196 1642 269 1674 108.
300 1650 377 1673 TRIS
406 1641 558 1673 Latinum
587 1643 647 1672 est.
696 1641 863 1682 genetivus
894 1640 980 1673 enim
1007 1640 1143 1682 pluralis
1173 1641 1323 1683 quotiens
1352 1641 1387 1672 in

177 1758 192 1782 5
211 1757 240 1782 et
257 1755 341 1790 pictis
373 1756 405 1782 A.
426 1755 463 1782 XI
483 1759 534 1783 660
552 1756 562 1790 ΙΙ
585 1759 601 1782 9
620 1755 754 1791 insinuat]
774 1755 807 1782 A.
827 1755 853 1781 II
873 1759 924 1782 229
948 1756 958 1790 ΙΙ
983 1758 1015 1782 10
1034 1755 1100 1790 nox]
1120 1755 1152 1782 A.
1172 1756 1198 1782 ΙΙ
1217 1759 1232 1783 8
1256 1756 1265 1789 ΙΙ
1293 1759 1322 1782 17
1342 1765 1385 1782 cv-

106 1799 177 1818 κηο
197 1791 346 1818 altitudine
379 1791 413 1818 cf.
434 1791 512 1818 Luct.
532 1791 607 1818 Plac.
628 1791 664 1818 ad
684 1791 753 1818 Stat.
775 1791 861 1817 Theb.
882 1791 920 1817 lX
939 1794 991 1817 344
1011 1793 1021 1825 ΙΙ
1044 1794 1077 1817 20
1097 1801 1241 1818 3331883118
1261 1812 1266 1817 .
1283 1813 1288 1818 .
1305 1813 1310 1819 .
1332 1792 1386 1825 est]

105 1834 190 1854 exscr.
210 1827 274 1853 Isid.
294 1835 332 1853 or.
353 1827 378 1853 X
398 1830 439 1854 76.
463 1826 497 1853 cf.
517 1827 586 1853 Don.
612 1827 648 1853 ad
667 1827 729 1853 Ter.
749 1835 811 1853 eun.
831 1827 857 1853 ΙΙ
877 1830 906 1860 3,
926 1830 960 1853 40
983 1828 992 1861 ΙΙ
1015 1827 1044 1853 13
1067 1826 1210 1861 Terentio]
1235 1827 1328 1853 heaut.
1349 1827 1386 1853 IV

106 1865 131 1897 6,
149 1865 181 1888 21
205 1863 215 1897 ΙΙ
238 1865 271 1889 22
292 1862 452 1897 Sallustius]
472 1862 536 1889 hist.
556 1863 654 1897 fragm.
675 1862 699 1889 V
720 1866 753 1889 16
772 1862 857 1889 Kritz.
881 1863 891 1896 n
913 1866 947 1889 23
967 1862 1039 1897 visa]
1059 1862 1091 1889 A.
1112 1862 1151 1888 111
1170 1865 1222 1888 206

176 1972 192 1995 3
210 1969 326 1996 tradunt
348 1970 381 1995 ut
399 1968 436 1995 sit
458 1968 562 1995 auertit
582 1967 617 1994 Ο·
639 1969 649 2002 l}
671 1978 765 1995 vnxmr
787 1969 820 1994 K
838 1969 849 2002 11
872 1968 1027 1995 aduertitur
1049 1969 1077 1994 B
1099 1969 1110 2003 ΙΙ
1133 1972 1148 1995 6
1172 1977 1238 1996 nam
1264 1977 1388 2003 conpone

107 2025 113 2031 .
128 2025 134 2030 .
150 2024 156 2031 .
175 2004 279 2031 avertit
296 2013 346 2038 pro
366 2004 514 2039 avertitur]
534 2004 651 2030 uerbum
671 2012 838 2038 componere
858 2005 886 2030 et
905 2004 1046 2030 inuenitur
1065 2004 1113 2031 ubi
1132 2004 1256 2031 actiuum
1274 2005 1389 2038 ponitur

105 2041 138 2066 ut
160 2040 203 2067 est
220 2040 324 2067 auertit
347 2048 397 2074 pro
419 2040 556 2066 auertitur
577 2039 600 2066 0
619 2040 629 2073 l]
654 2043 667 2066 7
693 2039 879 2073 compositum
898 2039 924 2065 B
947 2039 957 2073 ΙΙ
980 2039 1090 2066 debello
1114 2048 1163 2066 om.
1183 2040 1249 2066 LH
1267 2041 1277 2074 ΙΙ
1300 2039 1389 2066 dellor

105 2074 138 2101 K
156 2076 167 2109 ss
190 2078 220 2102 11
241 2076 326 2102 verba.
352 2084 402 2103 om.
421 2075 454 2101 K
473 2076 483 2109 ΙΙ
508 2078 539 2102 15
564 2075 658 2102 activa
678 2096 683 2101 .
700 2096 706 2102 .
723 2096 728 2101 .
748 2075 978 2109 declinationem]
1003 2075 1060 2102 acti
1083 2075 1160 2102 aliud
1184 2076 1287 2102 habere
1310 2075 1389 2102 uerbi

109 2110 194 2137 actiui
208 2110 423 2138 declinationem
438 2111 470 2137 K
482 2111 491 2145 ΙΙ
507 2114 538 2138 17
555 2111 591 2137 ad
605 2119 628 2138 v
646 2114 696 2136 105
712 2111 767 2137 Dat
781 2111 866 2146 latus]
884 2110 1042 2137 inclinatur
1071 2110 1200 2145 Cumulo]
1220 2111 1389 2138 exuberante

106 2145 205 2179 fluctu,
227 2146 257 2172 id
280 2147 322 2173 est
348 2146 496 2173 altitudine
525 2155 588 2173 cum
612 2146 732 2173 cumulo.
774 2146 956 2186 Praeruptus]
980 2146 1009 2172 in
1033 2146 1121 2173 altum
1144 2147 1262 2173 leuatus.
1289 2146 1358 2173 PG*
1381 2147 1390 2180 l]

109 2184 141 2208 19
167 2182 203 2208 ad
225 2190 248 2208 v.
272 2185 321 2209 106
345 2182 393 2217 Hi]
418 2191 468 2216 pro
491 2181 542 2209 illi.
581 2182 745 2216 Dehiscens]
771 2182 854 2208 ualde
882 2181 999 2208 hiscens.
1037 2182 1072 2208 de
1097 2181 1171 2209 enim
1190 2183 1319 2217 augentis
1338 2183 1388 2209 est.

109 2216 137 2243 P
156 2218 166 2251 ss
188 2220 222 2244 20
247 2227 386 2244 3131883118
409 2217 442 2243 Κ
461 2218 470 2251 ΙΙ
493 2221 526 2244 22
551 2219 588 2244 acl
609 2226 634 2244 v
659 2220 709 2244 107
733 2217 853 2251 Aperit]
868 2217 1021 2244 ostendit
1060 2238 1065 2244 .
1089 2218 1242 2245 ostendere.
1264 2218 1292 2244 P
1312 2218 1322 2252 l}
1345 2226 1390 2244 ca-

107 2252 164 2286 pud
188 2253 286 2279 KLH
305 2253 315 2287 ΙΙ
338 2253 446 2280 solutus
469 2253 503 2279 K
521 2254 531 2287 11
555 2256 588 2280 27
613 2254 650 2279 ad
675 2261 698 2280 v.
726 2255 775 2279 108
802 2253 864 2279 Tris
892 2253 1011 2279 latinum
1035 2254 1109 2280 est
1149 2274 1154 2280 .
1184 2253 1213 2280 in
1240 2253 1264 2280 is
1293 2253 1389 2286 mittit,

108 2287 260 2321 quotiens
252 2298 282 2315 13
300 2297 348 2314 um
367 2288 437 2321 exit,
462 2288 492 2315 in
511 2297 541 2315 es
559 2288 655 2315 mittit.
695 2288 768 2315 Saxa
790 2288 920 2329 latentia]
940 2289 1054 2323 propter
1076 2273 1282 2323 tempestatem.
1320 2289 1389 2315 11388

109 2323 202 2350 autem
221 2332 287 2350 saxa
304 2323 378 2350 iuter
395 2309 520 2351 Africam
540 2324 666 2350 Siciliam
690 2325 718 2350 et
737 2323 893 2351 Sardiniam
919 2325 947 2350 et
970 2324 1089 2351 Italiam.
1127 2325 1191 2352 ideo
1211 2326 1306 2351 autem
1324 2323 1390 2350 Itali

133 2378 160 2385 ..
183 2358 311 2386 inierunt.
354 2359 405 2386 alii
426 2359 582 2394 Neptunias
606 2360 722 2394 uocant,
750 2360 782 2386 ut
806 2359 938 2387 Claudius
967 2360 1046 2387 dixit.
1087 2360 1224 2395 Torquet]
1253 2360 1322 2387 iacit
1349 2360 1390 2386 in-

108 2392 263 2422 mittit..
283 2403 386 2421 currus.
409 2395 437 2420 P

1140 2441 1176 2467 4*

1404 739 1436 761 10

1405 1274 1438 1297 20

1405 1541 1439 1564 25
