1630 2684
463 134 575 162 COMM.
595 134 635 162 IN
653 134 763 162 VERG.
781 134 865 162 AEN.
886 135 918 162 11.
939 137 1088 162 512—530.
1203 135 1205 137 ’
1349 134 1414 166 299

133 226 257 254 curare,·
287 218 343 248 aut
366 218 499 258 propter
521 216 587 248 vim
610 215 770 247 bellicam.
860 224 1015 248 ALTARIA
1039 227 1229 258 superorum
1253 219 1285 248 et
1309 216 1415 249 ‘arae’

136 271 211 301 sunt
235 271 268 301 et
291 268 450 310 ‘altaria',
480 269 657 301 inferorum
685 270 814 301 tantum
842 268 960 301 ‘arae'.
1007 269 1096 301 ‘ara'
1122 272 1230 301 autem
1254 270 1373 302 dicitur
1396 281 1416 302 a

133 323 298 365 precibus,
326 334 405 365 quas
430 322 546 355 Graeci
574 319 656 364 ἀρὰς
679 322 803 364 dicunt3
832 322 915 355 unde
944 324 1057 354 contra
1085 322 1265 364 inprecatio
1289 321 1415 366 κατάρα

135 375 263 408 dieitur.

224 429 298 461 516.
334 437 561 462 PRAECIPITES
580 429 731 471 festinae,
750 441 809 471 pro
834 431 883 462 ter
903 431 1150 471 tempestatem:
1170 431 1203 462 et
1222 431 1303 462 bene
1319 430 1415 463 ‘atra’
1435 437 1450 460 5

134 481 272 524 addidit,
295 482 372 524 quia
395 484 445 514 est
468 484 501 514 et
524 482 627 524 clara,
650 485 687 515 ut
711 482 779 524 <IX
804 483 843 515 19
890 483 988 515 unde
1012 483 1106 516 haec
1130 485 1205 515 tam
1230 484 1336 516 clara
1359 496 1415 516 re-

133 525 248 578 pente
270 537 493 577 tempestas.

222 588 296 621 519.
332 597 417 620 DIRA
444 589 541 621 modo
569 590 713 631 proprie:
747 589 849 622 ‘dira’
878 590 964 622 enim
994 592 1044 622 est
1071 590 1206 623 deorum
1233 590 1291 623 ira.
1337 601 1415 633 ergo

132 641 233 684 ‘quae
257 652 347 674 mens
371 641 479 674 infusa
503 653 541 674 ex
565 643 699 675 deorum
721 642 809 675 ira?'

224 695 298 728 520.
337 689 420 728 rens
441 696 548 729 armis.
639 705 717 728 vas
742 698 799 729 aut
823 696 973 739 festinas,
998 699 1054 729 au't
1076 697 1197 729 incedis
1223 698 1378 730 seniliter.
1436 702 1470 727 10

223 748 298 781 522.
335 758 407 782 NON
431 758 462 782 SI
486 758 561 782 IPSE
584 758 674 782 MEVS
696 750 774 782 mire
793 749 918 792 ‘meus',
941 753 977 782 ut
994 751 1106 783 matris
1124 751 1343 792 exprimeretur
1361 752 1415 783 ad-

129 803 228 844 fectio.
274 805 303 835 et
325 803 480 835 subaudis
505 803 632 845 ‘posset
656 786 853 835 defendere&
983 795 987 800 ¹

221 856 296 889 524.
331 869 393 888 AVT
404 869 535 888 notamen
547 869 638 889 smn
661 859 697 889 ut
725 857 832 898 reliyio
860 860 917 889 aut
940 859 1063 899 pariter
1093 869 1196 890 omnes
1224 861 1331 900 servet,
1361 862 1418 890 aut

134 910 229 942 simul
261 909 437 942 moriantur
465 919 575 942 omnes.
667 918 735 942 ORE
764 919 903 942 EFFATA
931 911 1076 944 abundat
1104 911 1199 944 ‘ore'.
1245 915 1288 945 est
1314 914 1416 944 autem

133 964 237 1005 fiywra
253 963 456 1004 pleonasmos.
1436 970 1468 994 15

222 1016 297 1049 528.
333 1024 451 1048 VACVA
474 1014 603 1048 ‘vacua'
628 1027 760 1059 magna,
784 1028 865 1059 quae
889 1018 1021 1050 difficile
1045 1019 1245 1060 conplentur.
1282 1030 1325 1051 an
1349 1019 1415 1052 ‘va-

132 1069 217 1113 eua’,
238 1070 315 1111 quia
337 1070 372 1102 in
394 1079 493 1102 unum
515 1070 559 1102 ad
579 1080 671 1102 aram
698 1070 921 1112 cmifuyerant?
967 1082 1010 1104 an
1034 1071 1162 1104 ‘vacua'
1191 1073 1256 1105 iam
1278 1074 1345 1106 sine
1367 1074 1416 1106 de-

130 1123 327 1165 femoribus?

222 1176 297 1209 529.
334 1184 487 1209 INFESTO
511 1185 676 1209 VVLNERE
701 1177 823 1210 bonum
847 1178 991 1210 schema:
1016 1178 1164 1211 ‘vulnus'
1189 1191 1248 1221 pro
1271 1180 1347 1212 telo.

132 1243 254 1264 mrnsro
273 1231 420 1271 vnivmn]
446 1240 490 1262 em
513 1229 658 1262 ‘vulnus'
681 1231 763 1271 quod
785 1231 915 1273 inflixit,
939 1242 982 1264 an
1004 1233 1086 1273 qnod
1107 1233 1281 1274 infligeret?
1435 1238 1469 1262 20

222 1283 296 1316 530.
335 1297 444 1316 PREMIT
473 1286 572 1325 uryet,
601 1286 637 1315 ut
664 1283 701 1325 <1
729 1284 817 1325 324>
850 1285 935 1326 apri
967 1296 1114 1318 cursum
1146 1287 1305 1319 clamore
1332 1297 1416 1328 pre-

133 1340 300 1370 mentem:
323 1337 399 1369 alibi
427 1336 571 1378 ‘premit'
599 1337 757 1378 interficit,
784 1339 829 1371 vel
852 1339 1012 1380 opprimit,
1040 1342 1076 1371 ut
1098 1339 1167 1381 <IX
1190 1340 1277 1382 328>
1302 1341 1415 1372 armi-

129 1401 326 1433 yerumque
348 1390 454 1423 Remi
470 1391 616 1432 premit.
692 1400 694 1402 ·

206 1490 222 1514 2
242 1495 291 1514 ara
310 1487 404 1514 autem
425 1509 431 1514 .
447 1509 452 1514 .
469 1509 475 1515 .
495 1484 605 1520 κατάρα
624 1487 738 1522 dicitur]
762 1496 846 1515 exscr.
866 1487 930 1516 Isid.
951 1489 1020 1524 orig.
1040 1489 1091 1516 XV
1110 1492 1135 1523 4,
1156 1493 1187 1517 13
1203 1491 1242 1524 118
1261 1490 1323 1517 dira
1342 1490 1415 1517 enim

134 1524 176 1551 est
194 1523 311 1550 deornm
328 1522 383 1558 ira]
403 1523 437 1550 ef.
457 1523 522 1550 Isid.
542 1522 610 1557 orig.
631 1523 656 1549 X
675 1526 717 1549 75.
737 1523 794 1550 diff.
814 1524 889 1551 verb.
911 1527 960 1550 141
984 1526 994 1559 ΙΙ
1019 1528 1050 1551 19
1074 1525 1179 1552 bonum
1206 1526 1319 1553 schema
1339 1526 1415 1553 ‘vul-

132 1559 202 1586 nus'
223 1567 273 1593 pro
292 1558 363 1593 telo]
384 1558 418 1585 cf.
438 1559 516 1585 Luet.
535 1558 611 1586 Plac.
632 1558 668 1586 ad
688 1558 759 1586 Stat.
775 1559 862 1586 Theb.
877 1560 916 1586 IX
930 1563 982 1587 345
997 1561 1006 1595 ΙΙ
1020 1564 1053 1587 21
1073 1561 1181 1588 Premit
1199 1563 1281 1596 urget
1300 1571 1324 1590 e.
1340 1571 1365 1596 q.
1381 1562 1415 1597 s.]

134 1594 169 1622 of.
188 1594 295 1621 Nonius
314 1603 341 1628 p.
361 1597 414 1620 364
428 1603 468 1628 sq.
487 1594 524 1620 M.

207 1686 220 1709 1
241 1682 374 1709 bellicum
394 1683 416 1710 Ο
428 1684 438 1717 ΙΙ
456 1686 471 1709 2
491 1683 603 1710 tantum
622 1691 671 1709 mn.
691 1683 723 1709 H
741 1684 751 1718 ΙΙ
769 1686 785 1710 3
805 1692 867 1710 aras
887 1683 939 1711 C'L
957 1693 1023 1712 arae
1042 1686 1076 1712 H
1086 1687 1096 1719 ΙΙ
1114 1686 1222 1721 dicunt]
1242 1686 1372 1713 dicuntur
1390 1686 1417 1713 L

135 1719 232 1746 dicunt
250 1718 283 1744 ut
300 1718 334 1744 H
349 1719 359 1752 ΙΙ
378 1719 521 1753 praecatio
540 1719 573 1744 H
589 1719 598 1752 ss
617 1719 714 1745 catara
733 1719 756 1746 0
761 1720 798 1745 M
819 1720 919 1747 natare.
938 1721 971 1747 H
987 1722 996 1755 ΙΙ
1017 1724 1033 1747 4
1052 1721 1166 1757 dicitur]
1191 1721 1242 1748 alii
1252 1723 1363 1757 ,volunt
1381 1723 1416 1749 ab

136 1754 298 1787 altitudine,
318 1754 367 1780 sed
386 1754 460 1781 male
479 1755 543 1781 add.
563 1754 713 1781 Fabricius
731 1763 764 1781 em
784 1755 854 1782 Isid.
874 1764 912 1783 or.
933 1756 983 1783 XV
1003 1760 1028 1789 4,
1049 1760 1088 1783 13.
1105 1758 1143 1790 {15
1164 1758 1202 1784 ad
1219 1766 1244 1785 v.
1263 1760 1315 1784 516
1335 1758 1416 1784 Prae-

135 1789 247 1825 cipites]
268 1789 385 1816 festinae
404 1790 520 1824 propter
538 1790 745 1824 tempestatem.
767 1790 795 1816 P
807 1791 816 1825 ΙΙ
831 1794 846 1817 6
866 1792 895 1817 et
913 1794 976 1818 ante
995 1792 1071 1819 clara
1090 1801 1140 1819 om.
1161 1793 1205 1827 011
1218 1793 1251 1819 ut
1269 1815 1275 1820 .
1292 1813 1297 1819 .
1314 1815 1319 1821 .
1340 1793 1417 1820 clara

135 1833 186 1852 om.
205 1825 232 1851 L
249 1825 325 1858 (add.
345 1826 365 1859 l)
388 1826 398 1859 ll
420 1828 436 1851 8
461 1826 497 1852 ad
520 1834 543 1852 v.
564 1828 615 1851 519
634 1825 714 1860 Dira]
739 1826 822 1852 modo
846 1827 958 1860 proprie
979 1849 983 1854 .
1001 1848 1006 1853 .
1023 1849 1028 1855 .
1048 1827 1098 1856 ira.
1124 1828 1152 1854 P
1173 1830 1182 1862 ΙΙ
1206 1831 1221 1855 9
1245 1828 1336 1863 mens]
1356 1828 1418 1855 dira

134 1860 163 1887 id
183 1861 226 1887 est
243 1861 324 1895 vulyo
343 1861 464 1888 additur.
484 1861 493 1894 ss
514 1863 546 1887 10
566 1861 602 1887 ad
621 1869 645 1888 v.
665 1864 717 1888 520
736 1861 824 1896 Telis]
845 1862 939 1889 armis.
976 1863 1057 1898 Ruis]
1083 1865 1132 1890 aut
1150 1864 1279 1897 festinas,
1304 1865 1354 1891 aut
1376 1864 1417 1890 in-

139 1895 215 1923 cedis
234 1896 367 1923 seniliter.
388 1897 416 1922 P
432 1898 442 1930 ss
466 1897 516 1923 aut
534 1899 597 1923 ante
616 1896 732 1923 festinas
752 1905 801 1923 om.
822 1897 860 1923 M
864 1906 876 1924 e
894 1898 904 1931 ΙΙ
923 1898 1048 1925 seniliter
1066 1907 1099 1925 cm
1118 1899 1249 1926 seneliter
1268 1899 1293 1925 L
1314 1901 1323 1934 ΙΙ
1347 1899 1416 1926 seni-

136 1931 201 1959 liter
220 1932 270 1959 aut
287 1931 446 1959 inconsulto
464 1932 494 1958 D
517 1933 526 1966 ΙΙ
551 1935 581 1958 11
603 1932 640 1959 ad
660 1941 684 1960 v.
705 1935 756 1959 522
775 1932 838 1959 Non
858 1933 882 1959 si
901 1933 959 1967 ipse
979 1934 1069 1969 meus]
1090 1935 1222 1962 subaudis
1243 1935 1352 1970 ‘posset
1370 1935 1415 1969 de-

135 1967 275 1994 fendere’.
298 1967 325 1993 P
345 1968 355 2001 ΙΙ
377 1977 435 1994 mss
453 1977 522 1994 mnvs
542 1978 565 1994 N.
586 1978 613 1995 11.
632 1977 657 1995 Α.
679 1968 703 1995 (J
727 1977 780 1995 uon
799 1978 823 1995 sx
843 1969 966 1996 omittens
989 1971 998 2003 ΙΙ
1024 1973 1055 1996 12
1080 1970 1200 1997 subaudi
1223 1971 1297 1997 filius
1321 1971 1419 2005 posset

135 2002 283 2030 defendere
301 2003 354 2037 Du
370 2007 401 2030 13
421 2004 459 2030 ad
476 2012 501 2030 v.
520 2006 573 2030 524
593 2003 647 2030 Ore
667 2003 763 2038 effata]
784 2004 909 2031 abundat
929 2005 1019 2032 ‘ore'.
1057 2006 1099 2032 est
1119 2007 1212 2033 autem
1232 2006 1321 2041 figura
1339 2007 1416 2040 pleo-

134 2046 256 2065 nasmos.
278 2039 305 2064 P
316 2039 326 2073 ΙΙ
339 2048 457 2065 nomem:
478 2039 526 2066 0².-
544 2049 643 2065 nomm:
664 2038 706 2073 011
722 2042 755 2065 14
767 2039 930 2066 moriantur
943 2041 1091 2075 Scioppius
1111 2043 1243 2068 enotavit:
1262 2042 1418 2069 moriuntur

137 2073 162 2100 G
177 2073 329 2100 moriamur
348 2075 504 2101 Masvicius
517 2075 526 2108 ΙΙ
547 2075 672 2101 abundat
691 2075 749 2109 ore]
770 2075 988 2103 abundantiores
1009 2076 1051 2111 011
1070 2077 1216 2104 habundat
1234 2077 1265 2104 Ε
1281 2079 1291 2112 ΙΙ
1309 2078 1415 2112 autem]

136 2108 210 2135 enim
231 2109 386 2137 Maevicius
399 2111 510 2144 primus
532 2111 542 2144 ΙΙ
567 2113 598 2136 16
624 2111 661 2137 ad
679 2119 703 2137 υ.
723 2113 775 2137 528
795 2111 903 2146 Vacua]
923 2121 1009 2145 quare
1028 2116 1134 2139 vacua?
1158 2114 1208 2140 aut
1231 2113 1298 2147 quia
1322 2122 1418 2140 omnes

136 2144 172 2171 ad
191 2153 268 2171 aram
289 2145 484 2179 confugerent3
509 2146 559 2172 aut
582 2154 672 2172 vacua
696 2154 713 2173 a
733 2145 860 2172 Troianis
885 2147 1005 2181 civibus;
1031 2149 1080 2175 aut
1102 2157 1191 2175 vacua
1214 2149 1273 2175 iure
1298 2149 1416 2176 Graeco-

135 2189 197 2206 rum
216 2181 246 2207 et
263 2181 436 2214 possessione
456 2181 601 2214 vacantia3
627 2182 677 2208 aut
700 2182 774 2208 certe
794 2182 889 2216 ampla
912 2183 958 2210 vel
977 2191 1092 2218 magna,
1116 2193 1187 2218 quae
1211 2184 1325 2211 difficile
1345 2193 1417 2211 com-

138 2215 289 2249 plerentur.
308 2216 338 2242 D
351 2217 361 2251 1]
375 2216 478 2244 dificile
493 2217 699 2251 complerentur
714 2217 737 2243 O
748 2217 758 2250 ΙΙ
775 2220 805 2244 17
825 2226 903 2244 aram
916 2219 1066 2253 Bcquius:
1085 2228 1134 2246 ara
1149 2219 1173 2246 0
1188 2229 1251 2246 aras
1271 2220 1418 2253 Scioppius

137 2252 255 2278 enotavit
277 2253 286 2286 ΙΙ
311 2255 342 2278 19
371 2253 408 2284 ad
435 2261 459 2279 v.
483 2255 535 2279 529
561 2253 665 2279 infesto
692 2253 820 2287 uulnere]
848 2254 952 2280 bonum
979 2275 983 2281 .
1008 2276 1013 2281 .
1037 2277 1042 2282 .
1069 2255 1216 2290 infligeret.
1245 2256 1272 2281 1’
1293 2257 1302 2289 ΙΙ
1326 2263 1418 2282 scema

137 2286 202 2312 LH
206 2287 243 2313 M
247 2287 276 2313 P
292 2288 302 2321 Π
321 2291 354 2314 20
373 2288 460 2323 quod]
481 2288 547 2322 quia¹
568 2289 596 2314 P
612 2289 621 2322 ΙΙ
642 2291 675 2314 21
696 2288 733 2315 ad
751 2297 775 2315 v.
795 2291 847 2315 530
866 2289 984 2325 Premit]
1005 2291 1087 2325 urget
1106 2313 1111 2319 .
1128 2313 1133 2318 .
1149 2312 1155 2317 .
1173 2291 1185 2308 -‘
1193 2291 1417 2325 armigerumque

137 2322 220 2362 Remi
232 2323 355 2384 'perit'
378 2323 620 2358 (aronigerumque
639 2323 791 2358 repremit).
813 2325 841 2350 P
859 2325 868 2358 ΙΙ
886 2328 919 2352 22
939 2326 1043 2360 premit
1061 2334 1110 2353 om.
1133 2327 1160 2353 P
1176 2327 1186 2360 ΙΙ
1204 2326 1346 2353 interfecit
1366 2326 1394 2351 P
1409 2326 1418 2359 ΙΙ

137 2365 240 2391 oprimi
