1722 2670
510 166 623 194 comm.
642 166 682 193 IN
701 155 809 194 veno.
828 167 912 194 AEN.
931 167 965 194 11.
986 170 1136 195 643—657.
1387 169 1464 201 -315

180 251 352 290 ventorum,
374 251 411 280 ut
426 249 462 281 in
486 247 713 289 VIIL<429>
738 248 809 279 tris
831 248 963 280 imbris
987 250 1076 281 torti
1098 251 1238 289 radios,
1263 251 1334 282 tris
1356 251 1465 283 nubis

179 312 339 343 aquosae
365 302 600 334 addiderant.
689 311 764 333 sane
786 301 822 333 de
847 284 1038 341 fulminibu}
1056 303 1111 335 hoe
1133 304 1281 344 seriptum
1304 304 1339 336 in
1361 315 1463 336 recon-

179 357 254 388 ditis
276 356 430 388 invenitur
453 356 548 396 quod
567 356 601 387 si
626 365 730 395 quem
747 355 959 395 principem
982 356 1152 388 civitatis
1175 358 1230 389 vel
1252 368 1368 398 reqem
1389 358 1464 397 ful-

180 420 258 441 men
280 409 492 450 afflaverit,
514 410 548 440 et
568 409 834 450 supervixerit,
855 411 1028 449 posteros
1050 410 1128 441 eius
1151 410 1294 442 nobiles
1314 411 1465 450 futuros

179 466 213 495 et
233 465 404 495 aeternae
428 462 583 502 qloriae.
657 462 800 494 -Fabula
827 472 903 494 saue
931 462 1004 494 talis
1032 465 1091 495 est:
1118 473 1188 495 cum
1216 464 1297 496 inter
1324 465 1464 505 aequales
1484 470 1499 494 5

179 517 355 558 epularetur
371 515 534 557 Anchises,
555 515 708 557 qloriatus
732 513 868 547 traditur
891 516 926 547 cle
944 516 1103 548 concubitu
1123 516 1256 549 Veneris.
1293 518 1375 558 quod
1396 528 1465 550 cum

178 570 249 602 Iovi
273 570 374 602 Venus
395 571 501 610 questa
524 571 611 610 esset,
634 569 773 607 emeruit,
796 571 832 600 ut
850 570 884 600 in
903 569 1071 613 Anchisem
1091 570 1231 609 fulmina
1254 571 1464 609 mitterentur;

178 623 231 656 sed
258 623 358 655 Venus
380 633 449 654 eum
471 633 540 654 eum
562 622 695 662 fulmine
711 632 801 662 posse
823 623 949 654 vidisset
975 623 1125 663 interimi,
1154 624 1302 656 miserata
1326 625 1465 656 iuvenem

179 677 214 709 in
235 677 334 709 aliam
350 678 474 717 partem
494 676 615 716 fulmen
638 676 776 717 detorsit,
800 676 951 708 Anchises
975 679 1076 708 tamen
1099 677 1231 718 afflatus
1253 678 1322 719 ique
1345 678 1466 710 caelesti

178 740 295 771 semper
317 730 425 762 debilis
446 730 534 762 vixit.
1486 738 1518 760 10

172 818 175 822 ⁸
267 783 342 815 651.
379 792 446 816 Nos
470 792 610 816 CONTRA
639 783 898 824 praepositiones
923 784 974 815 vel
1004 783 1157 816 adverbia
1180 784 1214 816 in
1238 784 1290 816 ‘a'
1314 785 1466 816 exeuntia

177 837 272 869 modo
292 837 474 879 producunt
492 836 642 868 ultimam
662 836 822 878 litteram,
847 838 981 878 excepto
1006 836 1107 878 ‘puta'
1132 839 1165 869 et
1189 837 1268 879 ‘ita’,
1292 838 1377 879 apud
1400 838 1466 869 En—

178 891 268 923 nium
296 892 329 923 et
351 890 535 929 Pacuvium.
557 890 669 922 brevia
700 892 786 922 sunt.
831 890 907 922 hinc
936 891 986 922 est
1015 891 1100 932 quod
1129 891 1228 923 etiam
1258 902 1465 923 numerorum

179 944 311 976 nomina
334 943 578 975 indeclinabilia
600 943 835 984 producuntur,
863 945 901 974 ut
923 943 960 984 <I
984 943 1070 985 269>
1094 945 1268 986 triginta
1297 955 1466 986 magnos.

178 1009 217 1030 ea
239 1008 316 1030 vero
341 1008 422 1039 quae
448 997 651 1028 declinantur
674 997 785 1028 brevia
809 998 885 1028 sunt
909 996 1083 1028 secundum
1106 998 1268 1030 rationem
1297 998 1465 1030 nominum
1487 1004 1519 1027 15

178 1051 214 1083 in
237 1050 280 1083 ‘a'
305 1051 500 1082 exeuntium.
591 1063 701 1082 EFFVSI
721 1062 859 1082 mennas
874 1060 935 1090 pro
958 1050 1050 1089 effusi
1072 1051 1107 1082 in
1131 1052 1284 1083 lacrimas.

268 1104 343 1136 652.
380 1112 560 1142 oMmstn
580 1112 698 1136 Domvs
723 1103 819 1135 modo
839 1103 1012 1145 familiam,
1032 1104 1112 1136 alias
1133 1104 1348 1146 domicilium,
1368 1105 1466 1137 inter-

179 1158 256 1189 dum
279 1169 314 1189 re
338 1168 416 1190 vera
439 1157 579 1189 domum.

269 1211 342 1243 653.
379 1224 514 1247 FATOQVE
536 1224 662 1243 VRGENTJ
679 1209 877 1254 (INCVMBERE)
897 1211 998 1243 simile
1012 1214 1105 1243 estut
1123 1211 1303 1244 ‘currentem
1317 1212 1466 1254 incitare',

180 1265 444 1307 ‘praecipitantem
466 1264 640 1305 impellere'.
672 1284 683 1288 s
1485 1271 1519 1295 20

268 1318 343 1351 655.
380 1330 496 1350 κνκενε
516 1330 551 1350 m
568 1331 649 1350 ,mm
671 1331 764 1350 meon
796 1319 886 1359 quasi
917 1319 1051 1358 quodam
1083 1318 1198 1350 doloris
1227 1319 1355 1359 impetu,
1387 1319 1469 1359 quod

172 1375 265 1414 pater
289 1372 415 1405 liberari
437 1382 500 1404 non
523 1372 728 1412 acquiesceret.
809 1380 957 1404 MORTEM
982 1380 1072 1404 01»Το
1097 1373 1212 1404 contra
1235 1371 1376 1403 fatorum
1400 1372 1466 1403 vim

180 1428 213 1458 et
236 1426 352 1458 matris
377 1425 542 1457 auxilium.

269 1479 344 1511 656.
381 1491 446 1511 ΝΛΜ
466 1491 542 1514 Qvoo
566 1491 724 1511 oozvsazm
748 1480 839 1519 quasi
861 1469 988 1511 vetuerit
1010 1479 1118 1519 reqina
1141 1479 1247 1510 audito
1271 1478 1467 1519 ‘mortemque

179 1533 373 1565 miserrimus
395 1531 489 1573 opto',
516 1532 560 1564 sic
582 1533 741 1574 respondet
761 1532 884 1564 Aeneas
908 1531 998 1564 ‘nam
1021 1533 1103 1573 quod
1124 1530 1366 1564 consilium'aut
1388 1542 1467 1573 quae
1486 1538 1519 1562 25

179 1587 244 1618 iam
265 1586 396 1626 fortuna
419 1585 589 1617 dabatur'?

270 1639 343 1672 657.
381 1648 476 1671 MENE
505 1639 661 1681 probatae
689 1639 823 1681 pietatis
852 1639 964 1671 filium.
1015 1650 1092 1671 nam
1120 1639 1313 1681 pronomina
1343 1639 1466 1670 habent

179 1694 244 1726 vim
277 1703 382 1733 suam,
413 1703 658 1734 nonnumquam
689 1695 722 1724 et
753 1693 936 1734 emphasin,
969 1694 1005 1724 ut
1036 1693 1227 1724 cantando
1258 1694 1298 1724 tu
1330 1692 1462 1724 illum?

251 1793 267 1817 5
287 1799 351 1817 cum
369 1789 443 1816 inter
462 1811 468 1816 .
489 1811 495 1817 .
517 1810 522 1815 .
542 1788 642 1815 debilis
661 1789 732 1815 vixit
773 1789 807 1816 ef.
827 1789 968 1823 mythogr.
988 1789 1014 1815 II
1034 1792 1084 1815 195
1108 1790 1117 1823 ΙΙ
1142 1791 1172 1815 11
1198 1788 1421 1823 praepositiones
1441 1797 1465 1815 e.

181 1835 207 1860 q.
227 1826 262 1867 s.]
288 1825 322 1852 cf.
342 1825 427 1852 Prisc.
446 1825 472 1851 II
495 1834 522 1859 p.
544 1827 590 1857 65,
610 1827 644 1851 20
659 1824 694 1851 H.
755 1825 838 1865 robus
862 1825 896 1866 de
920 1825 970 1865 ult,
995 1825 1055 1859 syll.
1075 1834 1101 1858 p.
1122 1827 1187 1858 252,
1209 1827 1249 1850 14.
1273 1833 1300 1858 p.
1321 1826 1385 1857 254,
1401 1823 1465 1870 21Κ.

181 1862 294 1889 Seruus
309 1861 342 1887 de
358 1860 431 1887 final.
451 1869 478 1895 p.
495 1863 556 1893 454,
571 1863 604 1886 24
613 1869 672 1894 sqq.
687 1860 720 1886 K.
740 1860 845 1886 Marius
859 1860 1022 1887 Victonnus
1042 1860 1076 1886 de
1090 1860 1165 1887 final.
1180 1869 1208 1894 p.
1224 1862 1284 1893 238,
1301 1862 1341 1886 19.
1362 1868 1388 1894 p.
1404 1862 1466 1892 239,

182 1901 199 1924 4
212 1897 246 1924 Κ.
265 1896 415 1924 Cledonius
434 1905 459 1930 p.
481 1899 522 1930 75,
542 1899 576 1922 22
592 1896 623 1922 K.
646 1897 655 1930 ΙΙ
678 1898 711 1922 28
733 1896 883 1931 cantando]
904 1896 965 1923 buc.
985 1896 1023 1922 ΠΙ
1038 1898 1072 1922 25

254 1990 267 2012 1
288 1986 339 2013 tris
358 2007 364 2012 .
385 2007 390 2012 .
413 2006 418 2011 .
439 1985 617 2019 addiderant]
638 1986 667 2011 et
685 1984 831 2018 sequentia
850 1985 873 2011 0
893 1986 903 2019 ΙΙ
926 1988 942 2011 2
963 1993 1029 2011 sane
1050 1984 1084 2011 de
1103 1984 1266 2011 fulminibus
1286 2004 1292 2010 .
1313 2006 1318 2011 .
1340 2005 1345 2010 .
1366 1983 1467 2010 debilis

180 2021 251 2048 vixit
269 2022 301 2048 in
318 2029 404 2056 marq.
423 2021 534 2055 etcempl.
554 2021 644 2047 Basil.
663 2021 775 2054 scripsit
793 2021 896 2047 Daniel
910 2021 920 2054 ΙΙ
939 2023 954 2046 6
975 2020 1136 2054 epularetur
1154 2020 1259 2046 Daniel
1277 2022 1302 2046 et
1320 2020 1466 2053 mythoqr.:

181 2057 320 2084 exultaret
333 2056 482 2090 Scioppius
496 2057 615 2082 enotavit
629 2056 638 2090 ss
652 2059 668 2083 8
688 2065 751 2082 cum
771 2064 835 2082 eum
854 2056 972 2082 Daniel:
991 2064 1055 2082 eum
1075 2064 1139 2082 eum
1158 2055 1305 2089 Scioppius
1319 2055 1328 2089 ΙΙ
1342 2055 1466 2081 interimi

180 2092 298 2119 vidisset
315 2092 420 2119 Daniel
441 2093 451 2126 ΙΙ
479 2095 494 2118 9
515 2092 622 2118 fulmen
641 2091 760 2118 detorsit
778 2092 883 2118 Daniel
902 2094 926 2118 et
944 2092 1075 2126 mythoqr.
1095 2091 1200 2118 fulmen
1220 2099 1270 2117 om.
1291 2090 1440 2124 Scioppius
1460 2119 1461 2123 ,

184 2131 215 2155 11
231 2128 268 2155 acl
281 2136 306 2154 υ.
321 2131 371 2155 651
393 2127 480 2154 Effusi
495 2127 630 2162 lacrimis]
651 2135 702 2161 pro
718 2126 797 2153 effusi
816 2127 845 2153 in
864 2127 1003 2154 lacrimas.
1021 2127 1048 2153 P
1060 2128 1069 2161 {l
1085 2130 1116 2153 12
1133 2128 1161 2153 et
1175 2127 1216 2153 ita
1234 2134 1283 2153 om.
1300 2126 1333 2152 H
1349 2127 1466 2159 excepto

181 2164 251 2198 putu¹
269 2164 299 2190 et
315 2163 357 2190 ita
375 2164 441 2197 quie.
459 2164 540 2197 vulqo
560 2163 678 2197 excepto
696 2163 765 2196 puta.
784 2164 813 2189 et
831 2162 872 2189 ita
891 2171 963 2196 quae
983 2162 1122 2189 Vahlenus
1136 2162 1211 2188 Enn.
1225 2170 1298 2196 poes.
1313 2162 1359 2188 rel.
1372 2170 1402 2195 p.
1416 2163 1466 2187 180

182 2200 297 2232 fortasse
315 2201 432 2233 excepto
450 2198 492 2226 ita
511 2201 540 2225 et
558 2198 632 2232 quia.
657 2199 691 2231 ef.
708 2198 782 2225 Serv.
798 2199 830 2224 de
843 2199 890 2231 fin.
903 2207 933 2232 p.
948 2201 1008 2231 454,
1025 2198 1105 2224 24Κ.
1121 2201 1145 2225 et
1162 2197 1251 2224 Prisc.
1266 2198 1291 2223 11
1307 2200 1349 2230 65,
1365 2200 1399 2223 20
1410 2197 1447 2223 Il.

185 2237 218 2261 14
236 2234 439 2270 producuntur]
459 2243 477 2268 a
495 2234 686 2268 producuntur
707 2234 744 2260 M
768 2242 785 2260 a
804 2233 962 2268 producunt
980 2233 1024 2260 El
1037 2234 1046 2268 ΙΙ
1060 2242 1177 2268 magnos
1192 2233 1236 2259 H:
1256 2241 1305 2259 om.
1321 2233 1360 2264 L,
1380 2240 1466 2258 annos

184 2270 237 2296 Ml
264 2278 382 2305 magnos
401 2279 487 2298 annos
501 2270 531 2296 E
543 2270 553 2304 ΙΙ
568 2273 600 2296 15
618 2269 770 2304 rationem]
790 2269 1008 2296 declinationem
1023 2269 1053 2295 E
1065 2269 1075 2303 ΙΙ
1091 2273 1122 2296 17
1137 2268 1247 2295 familia
1260 2268 1341 2302 vulqo
1355 2268 1364 2301 ΙΙ
1379 2267 1466 2293 domi-

183 2323 291 2358 cilium]
320 2323 394 2357 quod
423 2324 459 2351 ad
485 2325 596 2358 tempus
625 2322 745 2349 sumitur
768 2323 832 2349 add.
856 2323 882 2349 L
914 2323 1039 2357 superior
1062 2331 1127 2356 pars
1151 2322 1249 2349 domus
1272 2328 1404 2354 superscr.
1425 2321 1435 2346 l
1457 2325 1465 2355 ,η

183 2361 218 2385 24
236 2359 368 2394 vetuerit]
389 2368 427 2386 an
445 2359 586 2386 renuerit?
604 2360 614 2394 l]
635 2362 668 2385 25
689 2358 839 2392 respondet
856 2359 968 2392 scripsi:
987 2358 1169 2393 responderet
1189 2357 1212 2384 Ο
1227 2357 1237 2391 ΙΙ
1256 2359 1289 2383 28
1310 2356 1367 2383 vim
1386 2364 1464 2382 suam

183 2402 233 2422 om.
254 2394 351 2429 MEu
374 2396 403 2421 et
421 2403 470 2422 om.
490 2395 598 2430 MElfl
620 2394 728 2422 enfasin
747 2394 813 2420 ΗΕ
839 2393 958 2421 emfasin
977 2394 1014 2420 M
