1722 2670
463 158 576 186 COMM.
595 158 636 185 IN
654 158 762 186 VERG.
781 157 866 185 AEN.
886 158 933 186 III.
953 161 1102 186 403-411.
1351 159 1418 190 415

226 241 302 273 405.
338 249 523 273 Pvm’vnno
546 248 686 272 vunnu:
707 247 822 272 coins
848 239 1001 271 subaudis
1018 239 1125 272 ‘eura’
1141 241 1198 271 aut
1213 240 1418 272 ‘memento':

136 296 193 327 aut
216 296 312 336 certe,
336 294 420 336 quod
445 296 494 326 est
515 293 641 334 melius,
665 292 806 325 ‘velare’
826 293 1038 334 imperativus
1052 284 1115 334 bit,
1138 304 1203 324 non
1227 293 1417 325 infinitivus.

225 349 299 380 406.
335 360 451 381 nervom:
471 347 632 387 sacrificio.
722 359 856 379 nosram
872 359 976 379 melfis
995 359 1142 378 ooovzzRAT
1157 347 1284 387 quidam
1305 346 1419 379 Ulixen

136 402 254 443 dicunt,
278 402 337 434 alii
358 401 537 433 Diomeden.

225 455 300 487 407.
337 463 381 486 ΕΤ
411 462 522 486 OMINA
553 463 690 486 TVRBET
721 453 872 486 sacrificii
901 453 1047 485 ordinem
1075 455 1219 495 rumpat,
1253 453 1337 495 quod
1369 456 1418 485 est

135 509 306 551 piaculum.
352 507 517 550 significat
546 510 655 540 autem
683 510 719 540 ut
741 500 794 548 <11
822 508 904 549 166>
928 508 1043 539 dictum
1071 510 1116 539 est
1138 506 1330 549 Diomeden,
1364 507 1416 549 qui

136 573 209 595 cum
233 562 345 595 multis
370 560 499 594 casibus
523 561 746 603 adfligeretur,
771 560 968 602 Palladium,
993 561 1077 602 quod
1102 561 1186 602 apud
1210 561 1316 602 ipsum
1341 563 1419 602 erat,

137 615 286 648 Troianis
310 615 440 648 oraculo
464 614 571 646 iussus
596 616 645 646 est
668 614 810 646 reddere.
857 614 947 656 quod
967 625 1039 646 cum
1065 613 1165 645 vellet
1188 614 1332 655 implere,
1356 615 1417 646 Ae-

135 680 232 702 neam
251 669 375 701 invenit
394 667 644 700 sacrificantem:
669 668 734 710 qui,
757 670 794 699 ut
813 679 911 709 supra
930 667 1078 708 diximus,
1103 667 1252 699 sacrificii
1273 667 1419 700 ordinem

134 733 202 756 non
227 723 330 765 rupit,
363 724 396 754 et
422 721 604 754 Palladium
632 720 758 753 Nautes
793 721 932 762 accepit:
964 720 1047 752 uude
1075 720 1259 752 Nautarum
1291 720 1418 752 familia
1439 728 1472 751 10

135 776 302 809 Minervae
326 787 418 808 saera
440 775 600 808 servabat.
647 785 723 806 sane
748 774 912 806 sciendum
937 773 1156 805 sacrificantes
1181 773 1241 805 diis
1267 775 1416 806 omnibus

135 828 234 872 caput
256 830 362 863 velare
386 831 557 861 consuetos
582 828 623 860 ob
647 828 719 870 hoc,
742 839 781 859 ne
807 839 841 860 se
864 827 949 860 inter
968 826 1160 868 religionem
1181 827 1304 868 aliquid
1323 828 1416 869 vagis

136 883 267 916 offerret
285 883 464 924 obtutibus,
487 884 621 924 excepto
641 883 770 914 tantum
790 881 939 922 Saturno,
963 892 1003 912 ne
1022 880 1163 912 numinis
1182 880 1325 913 imitatio
1346 893 1416 913 esse

135 936 307 970 videretur.
339 940 368 969 et
390 937 521 968 Herculi
543 937 578 968 in
602 936 710 976 templo
733 946 797 974 suo,
820 936 896 976 qnia
918 938 947 966 et
969 935 1033 975 ipse
1056 935 1154 975 capite
1177 937 1277 974 operto
1296 937 1347 976 est,
1371 936 1417 967 vel

134 990 210 1031 quia
231 990 303 1022 haec
326 1001 400 1022 arae
422 993 493 1022 ante
515 990 678 1022 adventum
696 989 818 1021 Aeneae
841 999 861 1020 a
885 989 966 1020 Iano
989 988 1034 1019 vel
1055 988 1205 1019 Evandro
1228 991 1417 1020 consecratae
1438 995 1469 1018 15

135 1044 206 1075 sint.
250 1054 325 1076 sane
351 1045 478 1084 quidam
501 1044 607 1075 diczent
633 1043 775 1082 absurde,
808 1043 846 1074 ab
869 1042 988 1074 Heleno
1011 1041 1181 1073 Diomeden
1203 1051 1416 1082 smopressznm

134 1097 188 1128 sed
209 1097 442 1137 intelleyemlum
465 1099 509 1128 est
530 1097 566 1128 dc
589 1096 745 1128 industria
766 1096 894 1136 factum,
919 1105 958 1127 ne
981 1097 1078 1126 terror
1101 1095 1264 1126 iniceretur
1286 1096 1418 1128 Aeneae.

223 1150 298 1182 409.
335 1158 405 1182 HAG
430 1159 529 1187 CASTI
553 1150 612 1191 pii,
641 1152 678 1181 ut
702 1149 771 1191 <VI
796 1149 882 1191 563>
905 1149 1007 1180 nulli
1031 1148 1089 1180 fas
1114 1151 1222 1180 casto
1248 1149 1417 1181 scelera-

134 1206 214 1236 tum
237 1203 424 1235 insistere
448 1202 574 1235 limen.
664 1216 698 1235 nv
718 1215 879 1235 RELIGIONE
900 1203 935 1234 in
958 1202 1162 1234 observatione
1181 1205 1335 1242 perpetua.

135 1269 262 1290 umor-rs
283 1257 466 1298 appellando
489 1255 638 1297 ‘nepotes’
660 1257 778 1297 ,qradns
799 1256 925 1295 futurae
947 1256 1137 1296 coynationis
1160 1257 1296 1287 ostendit.
1437 1263 1471 1286 20

223 1310 298 1342 410.
335 1323 391 1343 ΛΒΤ
415 1324 463 1343 VB!
477 1322 538 1351 pro
556 1313 736 1352 postqmm;
761 1312 789 1341 et
811 1312 854 1341 est
876 1310 1019 1351 temporis
1042 1309 1227 1341 adverbium.
1364 1319 1415 1341 DI-

135 1352 295 1396 &RESSVM
319 1375 337 1396 a
361 1364 457 1396 litore
481 1364 661 1396 Calabriae.

224 1418 298 1449 411.
341 1426 492 1450 ANGVSTI
516 1426 717 1450 RARESCENT
743 1425 924 1448 cLAvsrRA
947 1424 1078 1447 PELORI
1108 1416 1174 1447 ideo
1203 1416 1278 1457 quia
1302 1428 1320 1448 a
1344 1428 1416 1448 con-

134 1470 267 1512 tinenti,
298 1471 333 1502 id
356 1473 406 1503 est
434 1483 453 1503 a
477 1471 629 1503 columna
653 1481 754 1512 usque
785 1470 824 1501 ad
848 1470 977 1501 Pharon
1008 1469 1112 1501 tribus
1143 1469 1275 1501 milibus
1309 1469 1417 1502 distat.

136 1522 334 1556 ‘rarescent'
358 1527 467 1556 autem
491 1524 678 1566 ide0‚·quia
702 1523 908 1555 venientibus
933 1523 971 1554 de
994 1523 1086 1555 Ionio
1110 1524 1244 1564 propter
1268 1526 1415 1555 curvatu-
1437 1530 1471 1554 25

135 1588 206 1609 ram
229 1577 363 1609 litorum
388 1577 516 1609 clausae
540 1577 691 1609 videntur
715 1577 894 1619 angustiae,
918 1587 1000 1618 quae
1019 1576 1178 1617 paulatim
1199 1577 1417 1619 propinquan-

135 1630 224 1662 tibus
249 1631 367 1672 aperiri
391 1631 549 1663 videntur.
626 1639 755 1662 PELORI
778 1629 1056 1671 promunctorium
1082 1628 1209 1661 Siciliae
1234 1631 1284 1661 est
1308 1641 1417 1662 secun-

136 1684 212 1716 dum
236 1683 438 1726 Sallustium,
461 1684 582 1715 dictum
607 1695 626 1715 a
649 1684 865 1725 gubernatore
888 1682 1083 1715 Hannibalis
1107 1683 1176 1714 illic
1200 1684 1337 1725 sepulto,
1362 1684 1417 1725 qui

135 1737 242 1769 fuerat
265 1738 388 1769 occisus
411 1748 469 1779 per
492 1738 577 1780 regis
601 1737 834 1779 ignorantiam,
864 1747 935 1768 cum
965 1747 999 1768 se
1029 1736 1097 1768 eius
1122 1736 1196 1768 dolo
1214 1740 1342 1777 propter
1364 1748 1419 1769 anf-

1438 461 1453 484 C!

210 1838 226 1861 6
245 1835 401 1862 Diomeden
421 1843 443 1862 e.
464 1844 490 1868 q.
510 1835 543 1869 8.]
570 1842 655 1861 exscr.
675 1834 814 1868 mythogr.
835 1834 846 1859 I
868 1836 917 1859 142
945 1834 954 1867 11
983 1836 1015 1859 14
1035 1834 1064 1859 et
1081 1833 1195 1859 Herculi
1215 1854 1220 1859 .
1242 1853 1247 1859 .
1269 1854 1275 1859 .
1295 1834 1362 1868 siut]
1382 1833 1417 1861 ef.

137 1870 259 1897 Macrob.
280 1870 336 1897 Sat.
358 1871 395 1896 ΙΙΙ
415 1873 439 1902 6,
461 1872 563 1904 171127
581 1870 711 1896 Pelorum
730 1869 952 1903 promontorium
972 1890 978 1895 .
995 1890 1001 1895 .
1018 1890 1023 1895 .
1044 1868 1167 1903 sepulto]
1188 1877 1273 1896 exscr.
1293 1869 1358 1895 Isid.
1378 1878 1416 1896 or.

136 1906 202 1933 XlV
221 1909 246 1939 7,
265 1909 282 1932 4
295 1906 305 1940 11
319 1906 470 1932 secundum
491 1905 667 1940 Sallustium]
688 1905 753 1931 hist.
773 1905 811 1931 lV
830 1908 863 1931 39
879 1904 926 1931 Kr.

207 1998 223 2021 2
243 1994 367 2022 infinitus
387 1995 451 2021 LH
471 1995 480 2030 11
504 1998 519 2021 6
538 1995 570 2021 ut
594 1994 700 2020 dictum
724 1994 767 2020 est
785 1994 846 2020 hab.
867 1993 890 2020 C'
911 1994 920 2027 11
944 1997 958 2020 7
978 1993 1130 2020 iactaretur
1150 1994 1187 2020 M
1204 1995 1228 2028 (1
1247 1993 1418 2028 affligeretur

136 2038 270 2064 super-scu
290 2031 326 2064 m)
340 2031 379 2065 119
399 2030 446 2064 qui
466 2031 497 2056 ut
516 2039 600 2064 supra
620 2029 739 2056 diximus
758 2038 792 2056 ne
811 2029 937 2056 sacrificii
958 2029 1084 2055 ordinem
1102 2031 1244 2064 rumperet
1262 2030 1418 2064 palladium

137 2067 236 2092 nautes
256 2074 341 2100 accep
342 2066 366 2092 it
385 2067 421 2092 M
426 2066 470 2092 El
483 2067 492 2100 11
508 2069 540 2092 10
559 2067 708 2092 nautarum
730 2065 805 2091 GM:
824 2065 973 2091 nautarum
994 2064 1024 2091 F
1049 2066 1197 2092 nautarum
1217 2073 1250 2091 ea:
1267 2066 1418 2091 nautorum

137 2101 163 2127 L
190 2102 339 2128 nantorum
359 2102 428 2128 HE
454 2103 463 2135 11
492 2105 524 2128 12
549 2102 643 2135 capita
661 2101 719 2127 FC
743 2101 752 2135 11
782 2103 814 2127 14
834 2100 987 2135 videretur]
1012 2101 1060 2134 qui
1080 2102 1193 2127 saturno
1212 2100 1305 2127 uelato
1325 2109 1377 2135 cap
1378 2101 1417 2128 ite

136 2136 296 2163 incenditur
318 2138 381 2164 add.
406 2138 443 2165 D.
471 2138 535 2164 inde
560 2137 626 2171 quia
646 2157 652 2163 .
673 2158 679 2164 .
700 2158 706 2163 .
725 2136 884 2163 incenditur
907 2135 1065 2162 Fabricius.
1103 2136 1169 2170 quia
1193 2136 1328 2163 Saturnus
1349 2146 1372 2163 v.
1395 2145 1416 2163 c

136 2171 177 2198 ibi
195 2172 318 2199 cernitur
335 2173 399 2206 vulq
400 2181 415 2199 o
429 2174 438 2207 11
454 2176 486 2199 15
505 2173 572 2199 Iano
592 2173 705 2206 scripsi:
723 2171 790 2198 iuno
810 2171 840 2197 F
866 2171 970 2198 Iunone
988 2172 1092 2198 Daniel
1105 2173 1114 2205 ss
1131 2176 1162 2199 16
1182 2180 1340 2206 supressum
1361 2172 1392 2198 F
1409 2172 1417 2206 11

138 2211 171 2234 21
192 2207 368 2243 aduerbium]
392 2208 447 2235 1οοί
466 2208 631 2235 aduerbium
650 2208 714 2234 add.
734 2207 769 2234 F.
807 2207 923 2240 sortasse
941 2208 970 2233 et
988 2208 1030 2233 est
1048 2208 1181 2242 temporis
1200 2210 1229 2234 et
1248 2208 1303 2234 loci
1322 2207 1417 2234 adver—

137 2242 224 2270 bium.
253 2243 287 2275 cf.
307 2243 382 2270 Serv.
402 2245 439 2271 ad
457 2244 525 2271 Aen.
546 2244 558 2270 I
578 2247 637 2270 714.
671 2243 740 2269 alibi
758 2243 814 2269 loci
833 2243 895 2270 adv.
916 2242 951 2269 F.
972 2242 1120 2270 Schoellius
1134 2244 1190 2277 1123
1211 2243 1275 2269 ideo
1294 2244 1356 2270 hab.
1377 2243 1415 2278 011

138 2281 173 2315 2ῥ
191 2278 304 2305 Pharon
322 2279 424 2314 tribus]
443 2279 582 2306 frontibus
602 2279 634 2305 H
645 2280 655 2313 11
669 2282 702 2305 25
722 2278 756 2305 de
776 2278 899 2305 calabria
917 2278 983 2304 ME
999 2280 1023 2312 (t
1041 2279 1075 2305 de
1094 2278 1169 2306 ionio
1188 2287 1320 2312 superscr.
1340 2280 1394 2312 me)
1408 2278 1417 2313 11

139 2314 173 2340 de
192 2314 282 2349 Ionio]
302 2314 338 2341 ad
357 2314 514 2342 Calabriam
534 2315 597 2343 add.
617 2315 646 2341 D
668 2316 678 2348 11
702 2318 735 2341 26
754 2314 902 2348 angustiae
923 2334 929 2340 .
949 2334 955 2340 .
975 2335 980 2340 .
1001 2314 1131 2341 videntur
1154 2323 1203 2341 om.
1223 2314 1262 2346 L,
1281 2315 1312 2340 in
1330 2321 1415 2347 mara.

139 2350 229 2383 suppl.
243 2351 281 2387 111
295 2350 378 2385 quae]
398 2350 465 2384 quia
484 2351 553 2378 Mle
556 2351 575 2384 11
590 2353 622 2377 27
643 2349 745 2384 operiri
764 2350 796 2384 111
810 2349 1060 2385 promunctorium]
1081 2351 1114 2383 cf.
1135 2351 1227 2377 adnot.
1247 2350 1284 2376 acl
1303 2358 1326 2376 v.
1347 2349 1417 2384 39911

139 2388 172 2412 29
191 2383 306 2421 propter
324 2386 468 2421 angustias
486 2386 552 2413 freti
570 2387 630 2413 hab.
651 2386 674 2414 C
