1630 2684
433 146 547 174 COMM.
566 147 605 174 IN
625 147 733 174 VERG.
753 148 836 174 AEN.
857 148 875 174 Ι.
896 151 1045 175 467-478.
1295 150 1377 180 ’151

98 230 134 260 ut
158 240 256 270 supra
279 228 431 269 diximus,
455 229 511 260 aut
535 228 610 270 quia
635 229 808 261 seeundum
832 229 1013 262 Homerum
1037 231 1202 263 occidente
1226 231 1380 263 Diomede

99 283 258 315 cadavera
281 282 393 314 Vlixes
419 281 580 314 trahebat.

187 336 262 368 472.
299 344 486 368 ARDENTES
510 337 543 367 et
566 335 720 379 candidos
745 336 909 378 significat
933 339 965 367 et
989 337 1128 378 veloces,
1156 340 1191 369 ut
1214 338 1381 379 pernici-

98 389 167 422 bus
191 389 308 431 ignea
330 389 490 430 plantis.
537 389 565 420 si
589 389 686 431 ignea
710 389 802 421 velox
828 391 891 431 est,
916 390 985 422 sinc
1009 390 1106 422 dubio
1131 393 1164 422 et
1187 391 1310 423 ardens.

185 436 261 474 473.
298 451 470 474 XANTHVM
493 442 627 474 fluvium
651 443 777 475 Troiae.

184 496 261 528 474.
298 504 412 527 PARTE
437 504 520 527 ALIA
543 504 693 537 FVGIENS
718 505 852 528 AMISSIS
878 505 1026 529 TR0112vs
1050 506 1156 529 Annis
1182 497 1280 538 ‘parte
1303 497 1379 529 (Δία’

94 548 208 581 scilibet
229 549 342 590 templi.
385 551 414 580 et
436 540 556 580 veritas
580 550 702 589 quidem
725 549 788 581 hoc
811 549 924 582 habet:
958 550 1060 582 Troili
1085 562 1194 583 amore
1218 550 1380 582 Achillem

94 602 226 634 ductum
255 602 426 644 palumbes
455 602 484 633 ei
514 602 631 644 quibus
660 603 716 634 ille
744 603 968 635 delectabatur
997 604 1168 635 obiecisse:
1199 615 1278 645 quas
1308 616 1378 636 cum

95 655 194 688 vellet
216 658 342 697 tenere,
366 657 480 697 captus
505 655 545 687 ab
571 655 699 687 Achille
723 656 756 687 in
781 657 849 688 eius
870 657 1072 698 amplexibus
1096 657 1203 698 periit.
1241 657 1296 688 sed
1319 657 1380 688 hoc

95 709 189 751 quasi
212 709 383 750 indignum
407 708 507 740 heroo
532 709 674 740 carmine
698 709 839 741 mutavit
862 712 968 750 poeta.
1014 719 1163 741 FVGIENS
1190 710 1300 751 fugere
1325 722 1390 747 vo·-

95 761 165 794 lens
190 765 322 803 accepto
346 762 411 794 iam
436 763 577 794 vulnere.
663 775 779 794 AMISSIS
800 775 890 795 amus
912 763 958 794 vel
976 764 1086 795 aetatis
1104 763 1311 804 inbecillitate,
1334 764 1379 795 vel

94 815 231 848 vulneris
252 816 355 848 dolore
377 816 630 856 -ῐ-ίηοῲίωιίίόηε.

182 869 257 901 475.
294 878 438 911 INFELJX
468 869 563 900 multi
595 869 657 901 hoc
687 869 759 901 loco
788 869 995 911 distinguunt
1022 872 1051 901 eb
1076 870 1266 910 subiungyunt
1289 869 1378 910 ‘puer

92 924 181 961 atque
203 923 298 964 inpar
320 933 496 964 cowyressus
514 922 660 964 Achilli',
683 925 718 954 ut
735 934 773 955 ωε
791 934 823 955 eo
846 924 988 964 inparem
1011 924 1161 964 osterulat,
1184 924 1265 963 quod
1280 934 1377 963 puer,-

91 976 146 1008 sed
165 977 276 1008 tamen
301 976 401 1008 etiam
426 976 453 1008 si
477 976 592 1018 iungas
618 975 730 1018 ‘puer’,
754 988 835 1008 unus
860 978 910 1008 est
933 987 1055 1008 sensus.
1136 986 1253 1015 ATQVE
1274 986 1377 1008 INPAR

93 1040 130 1061 ac
154 1030 182 1061 si
206 1030 339 1071 diceret,
364 1029 463 1061 etiam
489 1030 516 1061 si
540 1041 620 1071 puer
642 1041 709 1062 non
729 1032 823 1062 esset.
905 1039 1124 1063 conennssvs
1145 1038 1286 1061 Amnum
1307 1041 1377 1061 con-

93 1083 222 1124 gredior
245 1083 306 1115 tibi
331 1083 458 1125 antiqui
482 1082 646 1123 dicebant,
676 1083 759 1114 sicut
783 1093 892 1124 pugno
917 1083 992 1124 tibi,
1021 1082 1138 1114 dimico
1166 1083 1237 1114 tibi.
1283 1082 1377 1115 hodie

92 1135 228 1168 dicimus
253 1136 446 1179 congredior
469 1139 591 1175 tecum,
615 1146 724 1178 pugno
749 1138 869 1177 tecum,
893 1136 1010 1168 dimico
1035 1139 1150 1168 tecum.

179 1190 255 1222 476.
292 1203 407 1222 marra
429 1202 516 1225 Eqrts
534 1189 678 1221 trahitur.
762 1198 876 1221 CVRRV
896 1190 1043 1235 curribus
1063 1190 1191 1221 falcatis
1211 1201 1286 1222 usos
1307 1202 1376 1222 csse

92 1243 231 1275 maiores
262 1244 295 1275 et
316 1243 428 1275 Livius
459 1245 493 1274 et
518 1242 693 1275 Sallustius
723 1243 849 1275 docent.
888 1245 1057 1283 potuerunt
1083 1254 1152 1284 erqo
1179 1246 1207 1275 et
1233 1244 1376 1284 simplici·
1396 1251 1410 1272 ἱ

93 1296 156 1328 bas.
246 1309 410 1329 RESVPLVVS
435 1297 599 1337 resupinus
625 1307 684 1336 quo
712 1297 801 1328 modo
828 1296 950 1328 hastam
980 1296 1140 1328 trahebat?
1185 1298 1239 1328 sed
1264 1297 1376 1328 intelle-

89 1350 176 1391 yitur
198 1349 333 1382 Achillis
356 1350 478 1382 hastam
502 1351 651 1382 transisse
667 1361 726 1391 per
743 1353 849 1390 pectus
867 1353 896 1382 et
913 1361 933 1381 a
951 1353 1042 1390 parte
1065 1361 1127 1390 qua
1148 1350 1268 1390 ferrum
1291 1353 1334 1382 est
1355 1361 1376 1382 a

92 1406 172 1444 terqo
197 1403 288 1434 trahi.
377 1412 478 1435 INANI
503 1404 572 1435 sine
596 1405 734 1444 rectore3
758 1414 834 1435 nam
859 1413 975 1444 corpus
999 1403 1163 1435 haerebat.

180 1457 262 1488 477.·
292 1465 385 1488 LORA
409 1466 545 1489 TENENS
570 1466 689 1488 TAMEN
715 1467 911 1498 quamquam
935 1458 1091 1488 mortuus.

172 1493 256 1542 ⁸478.
299 1518 411 1542 VERSA
449 1512 570 1551 tracta,
608 1512 645 1541 ut
682 1510 816 1542 Plautus
854 1510 1050 1542 inveniam
1088 1511 1214 1542 omnia
1251 1518 1409 1552 versa,‘-

92 1575 236 1605 sparsa.
282 1563 372 1595 venit
396 1565 506 1595 autem
530 1563 570 1595 ab
596 1574 633 1595 eo
658 1563 744 1605 quod
768 1565 818 1595 est
842 1574 961 1595 verror.
1048 1572 1269 1595 mscnnn'rvn
1295 1564 1376 1595 dila-

91 1618 232 1658 ceratur,
256 1618 293 1648 ut
314 1616 450 1649 Plautus
475 1628 613 1658 corpus
637 1618 742 1648 tuum
766 1617 890 1658 virgis
915 1616 1053 1648 ulmeis
1078 1617 1300 1648 inscribam.

92 1678 206 1703 HASTA
230 1670 344 1702 hostili
369 1671 505 1712 scilicet,
530 1682 627 1712 quam
650 1671 729 1702 sicut
750 1671 865 1702 dictam
888 1674 931 1702 est
954 1670 1127 1702 transfixus
1151 1670 1311 1702 trahebat.

162 1744 178 1767 3
197 1740 370 1775 pernicibus]
399 1740 432 1766 A.
453 1740 491 1766 XI
511 1743 562 1767 718
585 1742 595 1774 ΙΙ
622 1743 656 1767 20
675 1740 783 1775 Livius]
811 1740 909 1775 fragm.
931 1744 945 1766 2
965 1740 1057 1766 Hertz.
1081 1741 1090 1774 Η
1118 1739 1279 1774 Sallustius]
1307 1718 1372 1766 hist.

91 1775 200 1843 ἷτῡξῑὲὶ
210 1777 249 1803 ΙΙΙ
265 1780 297 1802 12
316 1776 403 1803 Kritz.
433 1776 466 1803 cf.
486 1776 566 1803 Luct.
586 1776 660 1803 Plac.
681 1776 717 1802 ad
737 1776 806 1802 Stat.
827 1776 914 1803 Theb.
936 1776 960 1802 X
975 1779 1026 1802 539
1045 1777 1054 1809 ΙΙ
1075 1778 1109 1802 25
1128 1775 1257 1810 Plautus]
1277 1775 1372 1809 pseud.

165 1877 178 1900 1
199 1874 306 1901 dictum
325 1875 368 1901 est
387 1874 431 1908 ΟΙΙ
449 1877 465 1901 2
486 1874 605 1900 cadauer
626 1873 668 1907 011
686 1873 826 1900 trahebat.
847 1873 888 1904 (Il.
909 1873 934 1899 X
953 1874 1016 1907 489)
1036 1870 1132 1899 ὅντινα
1155 1873 1292 1905 Τυδείδης
1312 1893 1317 1899 .
1339 1894 1344 1899 .
1366 1894 1371 1899 .

92 1907 260 1944 ἐξερύσασκε
280 1910 332 1943 Du
350 1913 366 1936 3
385 1911 423 1936 ad
440 1919 464 1937 v.
485 1913 536 1936 472
556 1909 706 1944 Ardentes]
726 1909 836 1936 veloces
855 1910 887 1935 ut
907 1930 912 1935 .
933 1929 939 1934 .
960 1929 965 1934 .
985 1908 1092 1935 ardens.
1115 1909 1142 1934 1¹
1158 1910 1168 1942 ΙΙ
1187 1912 1201 1933 G
1222 1909 1258 1934 ad
1276 1917 1299 1934 v.
1321 1911 1372 1934 474

91 1945 175 1972 Parte
194 1945 263 1980 alia]
283 1945 393 1972 scilicet
410 1945 509 1980 templi
529 1946 558 1971 et
576 1945 681 1971 ueritas
700 1944 812 1978 quidem
829 1965 834 1970 .
851 1965 857 1970 .
874 1965 879 1970 .
895 1943 1016 1970 mutauit
1034 1945 1127 1978 poeta.
1146 1944 1172 1969 Ρ
1189 1944 1198 1977 Η
1221 1947 1234 1970 7
1250 1943 1371 1969 achillen

92 1981 180 2008 BCP
192 1982 201 2015 ΙΙ
215 1983 231 2007 8
242 1981 387 2014 palumbes
402 1981 515 2008 troilum
526 1981 552 2007 ei
565 1981 592 2006 P
604 1981 613 2014 ss
628 1983 643 2006 9
654 1980 757 2006 achilla
767 1980 790 2006 C
802 1981 811 2013 ΙΙ
826 1979 1017 2014 complexibus
1028 1980 1051 2005 C
1056 1980 1084 2005 P
1095 1981 1105 2012 ΙΙ
1122 1982 1152 2005 10
1162 1979 1248 2006 heroo
1260 1979 1283 2005 G
1289 1979 1324 2004 M
1331 1979 1372 2004 1¹.-

92 2024 193 2045 εΥοΞοΞ
203 2017 228 2042 L
247 2016 359 2043 heroico
370 2017 403 2043 H
406 2017 441 2043 0²
454 2017 463 2050 ΙΙ
478 2016 600 2043 carmine
615 2024 665 2042 om.
678 2016 706 2041 P
718 2016 727 2049 ΙΙ
742 2019 773 2041 11
790 2015 834 2042 vel
850 2018 913 2042 ante
927 2014 1028 2042 aetatis
1042 2015 1154 2048 scripsi:
1172 2015 1205 2041 ut
1220 2015 1242 2041 G
1260 2015 1309 2040 aut
1320 2014 1354 2041 0²

94 2055 126 2078 12
144 2051 386 2086 intercipientibus
401 2052 436 2078 F.
447 2052 596 2079 Schoellius
610 2052 619 2085 ss
636 2054 667 2077 13
683 2052 719 2077 ad
733 2059 757 2077 v.
773 2053 824 2077 475
844 2050 945 2077 Infelix
958 2051 1043 2084 atque
1058 2050 1161 2085 impar]
1181 2059 1214 2076 ac
1229 2050 1252 2076 si
1267 2049 1372 2076 diceret

93 2108 99 2114 .
115 2108 121 2115 .
137 2108 143 2114 .
162 2087 265 2115 dimico
281 2088 382 2115 tecum.
400 2088 428 2113 P
439 2089 449 2121 ss
463 2087 620 2121 distingunt
633 2087 699 2113 libri
711 2087 721 2120 l]
738 2090 768 2112 14
784 2088 813 2112 et
826 2087 858 2113 ut
873 2094 906 2113 ex
922 2086 945 2112 G
955 2086 965 2120 ΙΙ
981 2089 1013 2112 18
1028 2085 1131 2112 dimico
1145 2088 1239 2113 tecum
1258 2094 1307 2111 om.
1325 2085 1348 2111 G

94 2125 126 2149 19
146 2123 183 2150 ad
201 2132 225 2151 υ.
245 2126 296 2150 476
315 2123 426 2158 Fertur]
445 2123 576 2150 trahitur.
613 2122 781 2156 Resupinus]
806 2130 860 2155 quo
883 2121 967 2148 modo
987 2122 1072 2155 (qn‘ia)
1090 2121 1202 2148 hastam
1221 2121 1370 2147 trahebat?

93 2180 99 2185 .
118 2179 124 2185 .
146 2180 152 2185 .
169 2167 234 2185 nam
255 2167 354 2193 corpus
374 2159 516 2186 haerebat.
538 2159 565 2184 P
582 2159 591 2191 n
614 2161 648 2184 20
667 2157 750 2184 libius
771 2157 794 2183 C
822 2157 911 2184 leuius
931 2157 964 2183 H
983 2157 992 2191 ΙΙ
1020 2157 1123 2183 docent
1141 2157 1169 2183 et
1187 2156 1262 2190 apud
1281 2156 1369 2182 Xeno-

92 2194 226 2228 phontem
245 2194 274 2221 in
292 2195 409 2221 παιδεία
429 2192 524 2227 Κύρου
544 2193 648 2228 legitnr
667 2194 695 2219 1)
713 2194 722 2226 ΙΙ
744 2197 775 2219 21
796 2193 878 2219 hasta
898 2193 926 2218 P
942 2194 951 2226 ΙΙ
972 2196 1005 2219 22
1025 2192 1172 2218 transsisse
1193 2193 1215 2218 (J
1231 2194 1241 2225 ΙΙ
1259 2193 1302 2218 est
1320 2200 1369 2217 om.

93 2229 116 2255 C
127 2230 137 2263 ΙΙ
151 2233 185 2256 24
199 2231 236 2256 ad
249 2239 273 2256 v.
289 2233 339 2256 477
359 2230 432 2256 Lora
445 2231 543 2256 tenens
557 2229 664 2263 tamen]
684 2237 862 2262 quamquam.
880 2228 907 2254 P
919 2230 928 2262 Ι]
943 2231 976 2254 25
992 2229 1028 2255 ad
1042 2237 1066 2256 v.
1079 2230 1130 2254 478
1150 2228 1250 2262 Versa]
1271 2228 1369 2259 tracta,

93 2265 125 2291 nt
142 2265 258 2292 Plautus
278 2265 432 2292 ‘inueniam
449 2265 581 2292 uersam’.
619 2264 697 2291 uenit
715 2266 811 2290 autem
831 2285 836 2290 .
853 2285 859 2290 .
876 2285 881 2290 .
902 2265 934 2290 ut
952 2264 1068 2290 Plautus
1089 2263 1200 2297 ‘corpus
1219 2264 1296 2288 tuum
1316 2262 1368 2287 vir-

93 2299 135 2334 gis
153 2300 252 2328 ulmeis
271 2301 435 2335 inscriptum
455 2301 538 2334 (sici).
560 2301 587 2326 P
599 2301 608 2334 Η
622 2299 766 2326 inueniant
780 2299 844 2326 LH
868 2299 1011 2326 inuentum
1029 2299 1064 2325 M
1077 2299 1086 2332 ΙΙ
1100 2299 1240 2325 inueniam
1260 2306 1369 2324 uersam

93 2336 166 2363 *ersa
184 2337 272 2363 strata
290 2338 340 2363 aut
358 2338 498 2370 unctaque
518 2336 612 2363 omnia
631 2335 654 2362 G
665 2336 674 2369 ΙΙ
689 2339 721 2362 27
742 2337 773 2362 ut
792 2344 841 2362 om.
857 2335 924 2361 ΒΜ
940 2336 949 2368 {1
963 2335 1079 2361 Plautus
1098 2342 1147 2361 om.
1164 2333 1193 2367 0,
1211 2342 1286 2367 supr.
1301 2341 1366 2359 verS.

94 2371 156 2398 add.
176 2371 210 2399 (ι’9
223 2372 233 2405 ΙΙ
246 2371 405 2399 inscribitur
425 2371 448 2399 G
468 2371 629 2406 (inscribam
649 2371 693 2405 Οἳ)

1400 452 1415 474 ἴ)

1402 718 1432 740 10

1400 984 1430 1006 15
