1630 2684
488 117 602 145 COMM.
621 117 660 144 IN
679 116 787 144 VERG.
807 116 890 143 AEN.
912 117 931 144 I.
952 120 1100 144 566—573.
1372 118 1435 149 173

244 200 318 233 570.
355 208 433 233 SIVE
457 207 578 231 ERYGIS
602 207 702 230 FINES
721 197 812 240 Eryx
830 197 967 230 Veneris
993 200 1026 230 et
1045 198 1162 241 Butae,
1184 200 1231 232 vel
1253 202 1289 232 ut
1309 200 1437 241 quidam

154 254 260 286 volunt
287 254 426 295 Neptuni
453 253 539 285 filius
572 252 647 293 fuit,
680 252 735 294 qui
761 254 945 292 praepotens
976 253 1094 284 viribus
1125 254 1259 286 advenas
1290 254 1438 286 caestibus

149 308 335 348 provocabat
356 308 503 347 victosque
527 306 703 347 perimebat.
748 305 797 338 hic
820 306 944 338 occisus
969 306 1009 337 ab
1035 306 1174 338 Hercule
1198 308 1302 339 monti
1327 319 1365 340 ex
1390 318 1437 339 se-

153 361 286 402 pultura
309 372 368 393 sua
390 371 508 392 nomen
531 359 691 401 inposuit:
721 359 754 390 in
784 370 846 401 quo
870 359 984 390 matris
1008 358 1130 391 fecerat
1152 360 1325 402 templum,
1354 360 1438 402 quod

154 414 283 447 Aeneae
312 413 467 446 adscribit
498 414 596 454 poeta
626 412 736 444 dicens
769 414 848 443 tum
882 412 1011 454 vicina
1044 412 1164 444 astris
1197 413 1367 454 Erycino
1401 414 1438 445 in

154 468 298 500 vertice
322 467 430 499 sedes
459 467 651 499 fundatur
675 466 818 498 Veneri
841 465 1000 498 Idaliae.
1047 466 1082 497 in
1109 466 1172 498 hoc
1196 469 1305 498 autem
1329 469 1439 499 monte

156 521 272 554 dicitur
296 521 395 553 etiam
415 520 575 553 Anchises
596 520 757 561 sepultus,
782 520 859 551 licet
878 520 1053 551 secundum
1074 519 1230 552 Catonem
1250 520 1290 551 ad
1308 519 1439 552 Italiam

153 575 285 608 venerit.
376 588 414 607 ER
421 587 481 607 ross
496 587 584 607 fmus
606 574 641 606 id
662 576 707 606 est
728 573 881 606 Siciliam.

245 628 319 660 571.
357 640 480 660 Ανχιιιο
503 640 593 660 Tyros
615 641 764 660 omnm!
783 637 845 659 non
869 627 936 659 sine
959 627 1065 659 ordine
1086 630 1179 668 poeta
1201 628 1320 659 inducit
1342 627 1441 659 Dido-

155 691 224 714 nem
251 684 280 713 et
311 682 477 714 credentem
504 681 617 722 iynotis
644 683 673 712 et
702 683 766 712 tam
791 680 885 720 facile
913 682 1001 712 tanta
1024 681 1267 721 promittentem;
1299 682 1328 712 si
1359 681 1441 712 enim

156 734 227 767 bene
249 735 440 774 advertatur,
463 735 499 766 de
521 735 575 766 illo
599 734 660 766 loco
679 734 792 774 pendet
815 735 854 765 in
873 734 1013 774 primis
1035 734 1166 774 reyina
1193 734 1354 774 quietum
1382 745 1440 765 ac—

155 788 247 829 cipit
276 788 316 820 in
341 788 498 820 Teucros
522 788 687 819 animum
710 790 933 828 mentemque
957 788 1162 828 beniynam.

243 840 317 873 572.
360 854 463 874 vnrls
487 855 525 874 ET
546 854 596 873 ms
619 842 699 873 deest
721 841 783 873 ‘vel
805 840 859 873 si'.

243 895 317 927 573.
354 904 475 927 VRBEM
506 904 602 933 QVAM
634 903 771 927 s‘rA'rvo
800 903 937 927 VESTRA
960 903 1025 926 EST
1055 895 1151 926 multi
1179 895 1360 936 antiptosin
1390 906 1443 926 vo—

156 948 240 990 lunt,
263 949 470 980 accusativum
487 959 548 988 pro
567 949 770 987 nominativo,
794 950 831 980 ut
851 948 894 980 sit
918 960 977 989 pro
998 948 1092 980 ‘urbs
1112 959 1205 989 qnam
1224 951 1325 980 statuo
1343 951 1443 980 vestra

154 1001 224 1034 est'.
267 1002 322 1034 sed
351 1002 379 1033 si
407 1002 454 1033 sic
482 1002 725 1043 intellegamus,
749 1001 879 1043 ‘quam'
909 1002 1121 1033 nihilominus
1150 1002 1298 1043 sequitur
1321 1004 1353 1033 et
1381 1002 1444 1043 syl-

155 1056 255 1097 lepsis
285 1056 323 1087 fit
351 1066 408 1097 per
444 1067 537 1088 casus
576 1056 807 1096 mutationem;
844 1055 956 1087 debuit
986 1055 1071 1086 enim
1101 1055 1206 1087 dicere
1238 1055 1331 1087 ‘urbs
1362 1067 1442 1097 quae

157 1109 314 1141 statuitur
343 1111 450 1141 vestra
480 1108 556 1141 est'.
603 1109 720 1140 melius
750 1118 828 1150 ergo
859 1110 909 1140 est
937 1108 1068 1140 ‘vultis'
1097 1109 1148 1140 bis
1175 1109 1379 1150 intellegere,
1408 1110 1444 1140 ut

157 1163 202 1195 sit
217 1163 340 1195 “vultis
364 1164 474 1205 regnis
498 1163 687 1194 considere?
712 1162 809 1194 vultis
829 1162 942 1194 urbem
963 1173 1059 1204 quam
1080 1162 1212 1194 statuo?
1236 1165 1346 1194 vestra
1369 1161 1444 1203 est’,

157 1219 194 1248 ut
208 1218 258 1248 est
272 1218 381 1248 eruet
396 1216 466 1248 ille
481 1216 606 1258 Argos
622 1216 1027 1257 Agamemnoniasque
1042 1215 1221 1257 Mycenas
1241 1215 1442 1257 ipsumque

230 1325 244 1348 1
265 1322 339 1356 Eryx
359 1321 474 1349 Veneris
495 1343 500 1348 .
518 1343 523 1348 .
540 1343 545 1348 .
565 1321 714 1356 templum]
734 1321 767 1348 cf.
788 1321 928 1355 mythogr.
949 1322 960 1347 I
981 1324 1027 1354 53,
1048 1324 1095 1355 94,
1117 1324 1175 1348 107.
1196 1322 1221 1348 Il
1242 1324 1292 1348 156
1316 1322 1325 1355 ΙΙ
1349 1324 1363 1347 5
1383 1322 1443 1347 tum

160 1357 265 1392 vicina]
285 1358 318 1384 A.
338 1358 363 1384 V
384 1360 434 1384 759
457 1359 467 1392 l}
491 1360 521 1383 11
547 1357 576 1383 in
595 1357 705 1392 primis]
726 1357 757 1383 A.
778 1357 790 1382 I
810 1360 861 1383 303
885 1358 894 1391 ΙΙ
919 1360 951 1383 14
975 1357 1058 1383 multi
1082 1357 1236 1391 antiptosin
1261 1365 1284 1383 e.
1304 1366 1329 1390 q.
1350 1357 1382 1391 s.]
1409 1357 1443 1383 cf.

162 1394 231 1420 Don.
257 1394 293 1420 ad
313 1394 374 1421 Ter.
399 1402 460 1419 eun.
481 1393 517 1419 lV
538 1396 567 1427 3,
593 1396 624 1419 11
650 1394 679 1419 et
701 1392 813 1420 Phorm.
833 1393 857 1419 V
877 1395 906 1426 8,
927 1396 960 1418 53
980 1401 1019 1426 sq.
1042 1392 1126 1425 ‘Quid
1144 1393 1187 1419 vis
1206 1392 1277 1419 tibi?
1296 1393 1443 1427 argentum

159 1429 234 1463 quod
257 1429 374 1464 habes?]
404 1429 505 1455 “vis’'
531 1428 632 1455 iterum
657 1428 879 1455 subaudiendum
904 1429 958 1462 est,
987 1430 1020 1454 ut
1042 1428 1078 1455 sit
1103 1428 1174 1455 “vis
1199 1429 1346 1462 argentum
1370 1428 1444 1462 quod

158 1464 294 1491 habes?”
400 1465 439 1491 sic
467 1466 509 1491 est
533 1464 603 1490 illud
630 1464 705 1498 apud
732 1464 883 1498 Virgilium
910 1464 1025 1490 “vultis
1051 1465 1080 1491 et
1103 1464 1146 1490 his
1170 1472 1280 1490 mecum
1303 1473 1331 1498 p.
1356 1473 1377 1491 c.
1402 1467 1443 1491 12⁴?

158 1500 255 1527 urbem
275 1508 359 1534 quam
379 1501 486 1534 statuo,
506 1501 599 1527 vestra
617 1500 693 1527 est.”
719 1500 728 1534 ΙΙ
751 1502 785 1526 20
805 1499 895 1534 eruet]
916 1499 948 1526 A.
968 1500 1006 1526 VI
1026 1502 1077 1526 838

234 1602 247 1625 1
268 1599 305 1625 ad
323 1607 347 1625 v.
369 1602 419 1625 570
440 1598 504 1625 Siue
524 1598 621 1632 Erycis
640 1598 720 1633 fines]
740 1598 814 1632 Eryx
833 1597 913 1632 (erix)
933 1597 1048 1624 Veneris
1072 1597 1146 1624 filius
1165 1599 1194 1624 et
1212 1598 1314 1631 Butae,
1334 1598 1366 1624 ut
1384 1598 1444 1631 qui-

160 1634 226 1661 dam
245 1634 370 1669 Neptuni
388 1634 456 1667 fuit,
476 1634 524 1668 qui
542 1635 711 1668 praepotens
731 1633 838 1660 uiribus
857 1634 980 1660 aduenas
1000 1634 1122 1660 cestibus
1146 1633 1319 1668 prouocabat
1341 1633 1444 1660 uictos-

160 1679 213 1704 que
240 1670 404 1704 perimebat.
443 1670 489 1696 hic
515 1670 550 1696 ab
570 1670 690 1696 Hercule
715 1669 823 1696 occisus
849 1670 904 1702 est,
929 1669 1018 1696 monti
1044 1678 1078 1695 ex
1104 1669 1249 1703 sepultura
1274 1678 1324 1696 sua
1342 1675 1444 1696 nomen

161 1706 547 1768 {ifflsssslit'esinslffifiaffitfflss
567 1705 684 1774 ιῖἰίξῗῖἐξ.
693 1705 1195 1774 ellaffflffl⁰¹fii⁸551x⁸553¹r¹ff¹l1⁸·miti?
1208 1704 1444 1774 ἒῗῗοὲἓξῗζῗέ

163 1777 185 1803 0
206 1778 215 1811 ΙΙ
239 1780 254 1803 3
274 1777 310 1804 ab
329 1777 441 1803 hercule
461 1776 568 1803 occisus
589 1776 611 1803 Ο
629 1778 638 1810 ΙΙ
656 1780 672 1803 4
692 1776 788 1803 matris
807 1776 848 1802 B:
867 1776 996 1810 magistri
1016 1776 1038 1802 C
1056 1776 1149 1809 (matri
1170 1774 1213 1809 0'2)
1232 1775 1316 1802 matri
1335 1784 1367 1802 ew
1386 1784 1443 1802 ma-

161 1813 199 1839 ris
224 1813 249 1838 L
277 1813 360 1839 matri
388 1813 461 1838 HM
482 1813 492 1846 ΙΙ
516 1815 530 1838 5
560 1812 664 1839 ericino
692 1812 794 1838 BLM
816 1812 825 1845 ΙΙ
848 1816 863 1838 6
891 1812 997 1838 Idaliae
1025 1820 1074 1838 om.
1099 1811 1237 1837 BLHM
1262 1811 1358 1837 italiae
1389 1810 1412 1836 G
1436 1811 1445 1846 ΙΙ

163 1851 176 1875 7
196 1848 305 1875 uenerit
324 1849 359 1875 ad
378 1848 487 1875 italiam
506 1849 571 1874 ante
590 1856 692 1874 nomen
711 1847 812 1874 habuit
830 1846 921 1873 sicilia
940 1855 957 1873 a
975 1855 1040 1880 rege
1059 1847 1129 1873 italo
1149 1846 1197 1880 qui
1216 1846 1245 1872 in
1264 1855 1297 1873 ea
1315 1846 1446 1881 regnauit

162 1883 189 1909 B
213 1885 222 1917 ΙΙ
246 1886 261 1909 8
282 1884 398 1911 uenerit.
436 1892 501 1918 ergo
525 1883 615 1917 eryeis
639 1883 708 1909 fines
734 1882 757 1909 C
777 1884 786 1917 ΙΙ
812 1886 842 1909 13
867 1883 904 1909 ad
926 1891 950 1910 v.
971 1886 1021 1908 572
1046 1882 1140 1909 Vultis
1163 1884 1192 1908 et
1216 1882 1272 1916 his]
1297 1882 1377 1908 deest
1399 1882 1445 1908 uel

162 1919 231 1953 (nul)
254 1919 286 1946 si.
313 1919 340 1945 1’
361 1920 370 1953 ΙΙ
396 1923 427 1946 14
453 1920 489 1946 ad
512 1928 535 1946 v.
561 1922 612 1945 573
637 1919 742 1945 Urbem
768 1927 853 1952 quam
876 1919 968 1944 statuo
992 1919 1086 1944 uestra
1108 1918 1161 1952 est]
1186 1917 1269 1944 multi
1292 1918 1446 1958 antiptosin

162 1955 263 1982 uolunt
280 1955 470 1982 accusatiuum
491 1956 520 1990 ,β
540 1954 699 1989 pronomini
723 1953 926 1988 (accusatiuum
950 1953 1119 1987 singularem
1142 1953 1267 1980 iunctum
1287 1952 1446 1987 pronomini

162 1991 290 2024 Daniel),
310 1993 342 2017 ut
360 1990 398 2017 sit
416 1991 481 2017 urbs
500 1999 585 2024 quam
605 1991 707 2017 statuo
740 1997 812 2023 quae
833 1989 856 2015 si
876 1989 915 2015 sic
934 1989 1131 2022 intellegamus
1150 1997 1222 2022 quae
1236 1989 1308 2015 nihil
1322 1989 1446 2022 sequitur

163 2027 192 2052 et
210 2026 290 2053 silem
315 2027 347 2052 fit
370 2035 419 2060 per
443 2035 522 2053 casus
546 2025 679 2058 motatio,
702 2025 800 2051 debuit
823 2024 897 2050 enim
921 2024 1012 2051 dicere
1038 2025 1118 2051 ‘urbs
1142 2033 1213 2058 quae
1237 2026 1330 2051 statuo
1353 2025 1446 2051 uestra

165 2062 232 2088 est'.
270 2061 370 2089 melius
390 2070 455 2096 ergo
475 2063 519 2088 est
539 2061 657 2087 ‘uultis’
679 2061 720 2087 bis
739 2061 916 2094 intellegere,
936 2062 968 2086 ut
986 2060 1023 2086 sit
1044 2060 1145 2086 ‘uultis
1168 2060 1261 2094 regnis
1281 2060 1445 2087 considere?

165 2097 250 2124 uultis
270 2098 367 2124 urbem
386 2106 470 2131 quam
490 2098 602 2124 statuo?
628 2098 723 2123 uestra
741 2096 809 2122 est'
831 2096 859 2121 P
877 2097 886 2129 ss
911 2099 943 2122 16
968 2096 1028 2130 sed]
1049 2096 1123 2129 quod
1144 2096 1167 2122 O
1188 2097 1217 2122 et
1237 2095 1270 2122 0²
1292 2097 1302 2130 ΙΙ
1323 2095 1445 2122 1111111110-

163 2133 255 2159 minus
273 2133 298 2159 L
321 2134 330 2167 fl
353 2133 478 2167 sequitur
496 2141 573 2166 supr.
592 2141 659 2159 zer-5¹.
683 2133 715 2158 in
735 2132 783 2163 M,
806 2132 921 2163 fortasse
945 2141 962 2158 a
981 2133 1076 2165 prima
1094 2140 1180 2158 mann
1202 2132 1212 2166 ΙΙ
1235 2132 1263 2158 et
1286 2131 1395 2165 syllesis
1418 2132 1445 2157 B

164 2170 193 2194 et
211 2169 358 2203 sylempsis
378 2170 401 2196 0
432 2170 461 2195 et
478 2168 590 2202 silensis
609 2168 635 2194 L
668 2169 697 2194 et
719 2166 876 2201 syllempsis
900 2167 930 2192 11
963 2170 991 2193 et
1015 2167 1152 2201 silempsis
1177 2168 1213 2193 M
1245 2168 1274 2193 et
1296 2167 1445 2200 antiptosis

163 2204 242 2237 vulyo
265 2205 275 2238 ss
299 2207 330 2231 17
355 2204 475 2231 mutatio
500 2204 523 2231 Ο
546 2206 555 2238 ΙΙ
580 2207 612 2230 18
636 2204 668 2229 ut
687 2203 735 2237 sit]
756 2211 773 2229 a
789 2202 926 2236 superiori
944 2211 1027 2229 uersu
1045 2212 1142 2229 zeuma
1161 2200 1310 2230 conectens
1329 2210 1445 2235 sequen-

164 2239 221 2265 tem
240 2240 294 2266 hoc
312 2240 396 2267 modo
416 2241 479 2268 add.
500 2241 509 2266 l
527 2241 559 2266 in
577 2248 661 2280 mary.
677 2240 686 2272 ΙΙ
701 2242 734 2264 20
754 2240 786 2264 ut
800 2239 843 2264 est
862 2238 953 2279 eruet]
972 2239 1003 2264 ut
1022 2239 1100 2265 eruet
1120 2238 1143 2265 G
1158 2239 1190 2265 ut
1208 2239 1251 2265 est
1270 2238 1305 2264 02
1318 2239 1327 2272 ΙΙ
1341 2237 1444 2272 ipsum-

165 2283 218 2314 que
237 2275 380 2302 Aeaciden
399 2297 405 2302 .
422 2298 427 2302 .
443 2297 449 2303 .
470 2276 542 2302 alter
560 2275 683 2302 micenas
702 2283 753 2301 om.
772 2274 810 2307 L,
831 2274 894 2301 add.
914 2274 924 2300 l
942 2275 973 2300 in
991 2282 1075 2308 marg).
1098 2275 1108 2308 ss
1125 2274 1271 2308 ipsumque
1290 2273 1444 2307 Aeaciden]

165 2318 283 2344 ipsumq:
309 2311 479 2338 aeaccedens
506 2310 529 2337 0
557 2311 702 2345 ipsumque
733 2309 840 2336 acidem
867 2309 999 2336 subaudis
1026 2310 1074 2336 ille
1101 2318 1151 2344 per
1180 2309 1444 2336 demonstrationem

165 2345 228 2372 add.
250 2345 288 2372 0³
306 2347 337 2373 in
355 2355 439 2381 mary.
459 2347 511 2380 inf.

1459 418 1474 442 αι

1463 687 1494 709 10

1463 953 1495 976 Ῑῦ

1463 1221 1497 1244 20
