1630 2684
182 121 200 141 l
472 149 586 177 COMM.
606 149 645 176 IN
664 148 773 177 VERG.
791 148 876 176 AEN.
895 149 929 178 11.
949 153 1099 178 339—355.
1358 149 1423 182 277

141 242 294 266 IVVENES
313 240 522 266 πεῖ-13311111
541 240 699 264 FRVSTRA
718 240 879 264 PECTORA
902 231 981 263 ordo
1005 232 1082 264 talis
1107 234 1170 265 est:
1194 224 1345 275 iuvenes,
1361 233 1424 265 for-

141 287 271 320 tissima
292 289 439 330 pectora,
465 285 587 318 frustra
611 285 797 318 succurritis
826 284 900 316 urbi
927 284 1089 327 incensae,
1119 286 1196 328 quia.
1219 288 1425 318 excesserunt

141 351 244 374 omnes
266 341 326 374 dii:
354 339 437 373 unde
461 339 489 371 si
512 339 606 371 vobis
630 338 746 381 cupido
775 340 862 371 certa
890 340 953 380 est,
981 349 1033 370 me
1062 339 1155 381 sequi
1179 339 1350 371 audentem
1374 351 1425 371 ex-

140 396 259 437 trema,
277 394 456 427 moriamur
475 395 508 425 et
526 393 560 424 in
574 392 681 424 media
696 403 787 424 arma
803 403 944 424 ruamus.
977 392 1050 432 [alii
1063 391 1170 433 ‘sequi’
1183 403 1244 433 pro
1260 392 1424 433 ‘sequendi'

140 448 317 490 accipiunt]
364 446 597 479 obscuritatem
621 448 730 478 autem
751 446 833 478 facit
855 445 917 478 hoc
946 445 1018 477 loco
1043 447 1075 478 et
1102 446 1288 488 synchysis,
1319 446 1351 477 id
1376 449 1426 478 est

140 501 313 544 hyperbati
332 501 431 543 longa
450 500 612 542 confusio,
634 503 667 533 et
686 500 769 532 falsa
788 500 899 532 lectio:
924 511 998 531 nam
1013 499 1107 531 multi
1123 499 1284 532 ‘audendi’
1304 500 1425 542 legunt,

140 555 236 587 multi
251 554 414 587 ‘audenti'.
447 553 503 586 sed
518 555 670 586 neutrum
684 553 839 595 procedit.
872 563 951 595 ergo
967 552 1164 585 ‘audentem'
1178 553 1353 595 legendum
1367 556 1426 585 est.

229 608 303 641 351.
339 616 538 640 EXGESSERE
563 607 640 649 quia
663 609 737 639 ante
762 606 1037 649 expugnationem
1060 607 1280 639 evoeabantur
1304 607 1343 639 ab
1368 607 1425 639 ho-

139 662 244 695 stibus
277 662 412 694 numina
443 663 578 703 propter
611 661 742 693 vitanda
772 660 953 702 sacrilegia.
998 661 1070 692 inde
1096 662 1152 702 est,
1180 661 1262 701 quod
1287 660 1426 693 Romani

138 716 269 749 celatum
297 726 360 748 esse
389 716 562 757 voluerunt,
591 716 627 748 in
656 715 744 747 onius
773 715 822 747 dei
852 714 947 746 tutela
975 713 1049 746 urbs
1075 713 1179 746 Roma
1206 714 1256 746 sit.
1301 717 1330 746 et
1358 715 1426 747 iure

133 770 316 811 pontificum
339 772 464 802 cautum
487 772 543 811 est,
566 779 604 801 ne
621 769 688 801 suis
706 768 883 800 nominibus
902 768 948 800 dii
963 767 1104 799 Romani
1121 768 1365 810 appellarentur,
1388 779 1426 800 ne

138 824 329 865 eoeaicyvlrari
340 824 471 865 possint.
502 823 578 855 etin
592 822 743 863 Capitolio
760 822 825 862 fuit
837 822 951 863 clipeus
965 823 1164 860 consecratus,
1178 822 1229 853 eui
1242 822 1426 862 inscriptum

138 880 206 910 erat
228 876 326 919 ‘yenio
349 877 436 909 urbis
458 876 591 918 Romae,
614 876 676 908 sive
697 886 766 908 mas
788 876 850 908 sive
870 874 1016 915 femina'.
1062 877 1090 906 et
1105 875 1268 915 pontifices
1290 875 1336 907 ita
1352 886 1426 916 pre-

138 931 289 964 cabantur
311 930 465 972 ‘Iumn'ter
492 931 603 971 optime
630 930 777 970 maaeime,
805 929 867 961 sive
895 939 954 969 quo
981 928 1044 960 alio
1071 928 1195 960 nomine
1225 931 1251 960 te
1273 929 1427 969 affellari

138 984 298 1017 volueris':
325 995 401 1017 nam
423 987 452 1016 et
473 984 540 1032 ipss
560 983 607 1015 ait
629 982 697 1023 <IV
720 982 806 1023 576>
829 982 1019 1023 sequimur
1042 984 1086 1024 te,
1114 984 1240 1014 sancte
1262 983 1426 1024 deornm,

139 1038 311 1079 quisquis
333 1048 375 1070 es.

228 1091 303 1126 352.
340 1099 466 1130 QVIBVS
491 1090 701 1122 subaudimus
725 1087 1002 1130 ‘auxiliantibus’‚
1024 1088 1071 1121 vel
1089 1099 1147 1129 per
1168 1099 1244 1130 quos
1265 1090 1354 1122 stetit.

228 1145 302 1177 353.
339 1157 495 1177 nomnium
515 1157 554 1176 Er
574 1156 609 1176 m
628 1145 721 1175 ΜΕΜΔ
742 1155 825 1174 14111111
839 1153 970 1174 'RVAMVS
1009 1141 1272 1183 hysteroproteron
1304 1135 1426 1184 quidem

138 1201 198 1237 est;
221 1208 297 1230 nam
319 1201 391 1230 ante
413 1200 457 1230 est
478 1198 513 1229 in
536 1207 627 1229 arma
649 1206 750 1235 ruere,
773 1198 802 1228 et
822 1196 866 1228 sie
883 1196 972 1228 mori.
1010 1195 1081 1228 bene
1104 1198 1207 1228 tamen
1231 1195 1425 1229 ‘moriamur’

139 1252 355 1294 mortuniore
387 1252 449 1284 loeo
473 1251 599 1292 posuit;
631 1252 703 1282 ante
725 1250 807 1282 enim
837 1250 959 1282 dixerat
988 1249 1082 1290 ‘quae
1111 1251 1152 1282 sit
1180 1251 1269 1283 rebus
1296 1251 1426 1291 fortuna

137 1306 273 1339 videtis'.

231 1359 305 1392 354.
342 1367 413 1391 VNA
437 1367 544 1391 SALVS
568 1366 684 1390 v10T1s
704 1366 849 1390 NVLLAM
869 1365 1026 1389 SPERARE
1051 1366 1211 1390 SALVTEM
1235 1358 1425 1400 plerumque

141 1413 227 1446 enim
258 1412 483 1454 desperatione
513 1412 612 1444 robur
642 1413 793 1453 augetur,
823 1413 861 1443 ut
889 1410 1013 1443 Statius
1043 1412 1102 1443 est
1131 1411 1197 1443 ubi
1227 1411 1293 1443 dat
1323 1412 1424 1443 vires

139 1467 282 1499 nimius
314 1466 440 1498 timor.
486 1465 565 1497 item
594 1465 713 1497 scimus
742 1463 882 1497 mortem
911 1465 1111 1506 captivitatis
1140 1475 1211 1496 esse
1237 1465 1425 1497 remedium.

139 1521 202 1553 hoc
231 1530 308 1562 ergo
340 1518 466 1560 suadet,
497 1520 534 1550 ut
565 1520 622 1550 aut
653 1518 878 1560 desperatione
909 1518 1054 1560 vincant,
1087 1520 1144 1551 aut
1170 1519 1291 1551 vitetur
1319 1521 1424 1551 morte

141 1574 324 1616 captivitas.
415 1580 522 1604 SALVS
546 1583 631 1604 nunc
654 1572 840 1604 remedium.

230 1626 304 1659 355.
341 1635 423 1658 LVPI
442 1633 509 1657 GEV
526 1625 589 1657 hoc
608 1625 648 1657 ad
666 1625 870 1657 ferocitatem
889 1625 1042 1667 pertinet,
1065 1624 1208 1658 ‘nebula'
1228 1625 1269 1658 ad
1287 1628 1426 1667 noctem,

142 1680 276 1713 ‘catuli’
305 1680 344 1712 ad
372 1679 494 1711 liberos
523 1679 748 1721 coniugesque.
838 1691 910 1711 ινΡι
929 1680 995 1719 ow]
1025 1679 1099 1711 ordo
1128 1680 1256 1719 [tamen]
1286 1681 1330 1712 est
1357 1679 1426 1711 ‘ceu

142 1823 184 1850 Th
202 1789 228 1850 b8
249 1786 411 1849 {uZR'ante
434 1785 669 1821 expugnationem
692 1794 716 1812 e.
735 1793 761 1819 q.
782 1784 816 1819 s.]
844 1784 877 1812 cf.
896 1784 1019 1811 Macrob.
1046 1784 1102 1812 Sat.
1123 1784 1163 1811 111
1181 1788 1197 1811 9
1220 1786 1230 1819 ΙΙ
1258 1788 1291 1812 23
1316 1785 1423 1820 status]

186 1831 201 1850 e
223 1843 229 1849 .

214 1925 227 1948 1
247 1930 364 1949 rnvsm
384 1943 390 1949 .
411 1943 416 1949 .
438 1941 443 1947 .
463 1914 578 1948 iuvenes
598 1928 647 1947 om.
668 1919 702 1946 H
712 1920 721 1954 ΙΙ
734 1928 852 1945 merom
871 1927 921 1946 om.
943 1919 980 1945 M
991 1919 1001 1952 ΙΙ
1020 1921 1036 1944 2
1057 1918 1134 1953 quia]
1155 1926 1226 1952 quae
1247 1918 1296 1953 Pu
1317 1921 1332 1945 5
1353 1918 1424 1946 acci-

142 1993 225 2028 piunt
242 1993 274 2019 ut
294 1992 317 2019 0
333 1993 376 2025 (ut
394 1992 578 2019 oblitteratum
597 1992 645 2025 est)
659 1991 668 2025 ΙΙ
687 1990 817 2017 sinchisis
837 1990 861 2017 0
886 1964 1002 2024 31110ιὲ1313
1020 1989 1046 2015 L
1074 1989 1223 2016 sinebresis
1242 1989 1277 2015 H
1301 1989 1424 2023 synchri-

141 2029 178 2056 sis
199 2029 237 2055 M
263 2028 413 2062 sinchrysis
432 2028 462 2054 E
483 2029 493 2062 ΙΙ
521 2031 536 2054 6
559 2027 689 2062 yperbati
714 2025 772 2052 GH
803 2026 940 2060 yperbato
959 2026 985 2051 L
1014 2025 1180 2059 (yperbaton
1199 2026 1218 2058 l)
1249 2025 1424 2059 hyperbaton

143 2065 180 2091 M
186 2064 216 2090 E
228 2064 238 2098 u
252 2063 378 2091 confusio
396 2072 446 2090 om.
466 2064 492 2089 L
511 2064 584 2096 (add.
604 2071 677 2090 man.
697 2063 759 2096 ree.)
774 2062 783 2095 ΙΙ
798 2061 929 2088 audiendi
948 2061 982 2087 H
991 2062 1000 2095 ΙΙ
1014 2063 1030 2087 8
1049 2060 1252 2087 necidabantur
1269 2061 1295 2086 L
1314 2061 1423 2094 (euoca-

1446 719 1479 744 10

1447 987 1479 1011 15

1444 1255 1479 1280 20

1444 1524 1477 1548 25

140 2100 244 2126 bantur
261 2100 281 2133 l)
303 2100 313 2134 ΙΙ
340 2103 356 2127 9
375 2099 490 2126 nomina
508 2099 543 2125 Η
561 2099 571 2132 ΙΙ
601 2101 632 2125 12
657 2098 791 2125 scribtum
813 2097 840 2124 O.
874 2098 946 2131 quod
965 2097 1071 2124 correoei
1093 2097 1103 2130 ΙΙ
1131 2100 1163 2123 13
1183 2096 1255 2131 mas]
1280 2105 1354 2123 mars
1375 2096 1399 2123 0
1416 2099 1422 2130 1,
1458 2110 1463 2115 =

141 2135 346 2169 praecabantur
364 2143 397 2162 ex
420 2135 624 2169 praecebantur
645 2133 667 2160 Ο
687 2135 696 2168 ΙΙ
722 2136 754 2159 14
773 2132 878 2167 optime
897 2132 1030 2167 maxime]
1056 2140 1079 2159 ο.
1100 2142 1137 2159 111.
1157 2132 1180 2159 G
1201 2134 1210 2166 ΙΙ
1235 2135 1266 2159 17
1291 2126 1424 2159 subaudis

144 2171 208 2197 CM
219 2171 230 2205 ΙΙ
249 2173 281 2197 18
302 2171 339 2197 acl
357 2179 380 2197 v.
401 2173 452 2197 353
471 2170 508 2196 Et
525 2170 554 2196 in
573 2169 667 2196 media
685 2177 763 2196 arma.
781 2169 907 2203 ruamus]
926 2169 1171 2202 hysteroproteron
1192 2189 1197 2194 .
1219 2190 1224 2194 .
1245 2189 1250 2194 .
1270 2167 1349 2194 mori.
1371 2168 1398 2194 1¹
1415 2168 1423 2202 ἢ]

141 2207 235 2240 ystero
254 2207 385 2241 proteron
405 2205 428 2232 0
439 2206 448 2240 ΙΙ
463 2209 496 2232 20
516 2205 694 2240 oportuniore
714 2204 736 2231 G
747 2205 756 2238 ΙΙ
771 2205 844 2231 enim
861 2204 908 2231 02.-
927 2212 991 2230 eum
1007 2203 1097 2238 0:122
1118 2203 1166 2230 sed
1185 2203 1350 2238 plerumque
1370 2203 1396 2229 L
1415 2203 1423 2237 11

144 2245 177 2268 23
197 2241 270 2268 enim
289 2250 339 2269 om.
359 2242 423 2268 LH
443 2243 452 2276 ΙΙ
475 2242 557 2268 robor
576 2241 610 2268 H
629 2242 638 2275 ΙΙ
665 2244 699 2267 24
719 2240 819 2266 scimus
839 2261 844 2266 .
866 2260 871 2266 .
892 2261 898 2267 .
918 2239 1071 2266 remedium
1093 2240 1217 2274 plerique
1235 2240 1348 2266 editores
1367 2247 1423 2265 non

144 2277 235 2304 Servii
253 2285 306 2304 esse
321 2280 502 2312 putaverunt,
525 2278 571 2304 secl
590 2277 709 2304 alieuius
727 2276 883 2309 scriptoris,
905 2276 984 2302 cuius
1003 2276 1154 2302 testimonio
1172 2275 1219 2301 ille
1237 2282 1304 2301 usus
1323 2276 1394 2300 esset.
1414 2274 1423 2307 Η

144 2316 178 2340 26
199 2322 278 2339 313113
295 2322 368 2339 nune
386 2312 540 2340 remedium
559 2321 609 2339 om.
630 2312 654 2339 0
674 2313 683 2346 ss
711 2315 743 2338 27
763 2312 800 2338 ad
817 2320 841 2338 v.
862 2314 914 2338 355
933 2310 1006 2345 Lupi
1025 2311 1088 2345 ceu]
1112 2311 1165 2337 hoc
1189 2310 1225 2337 ad
1248 2309 1422 2336 ferocitatem

146 2348 312 2382 (ferocitam)
331 2348 461 2383 pertinet.
499 2356 565 2375 sane
588 2348 664 2382 apud
686 2348 795 2374 veteres
815 2368 821 2373 .
842 2368 848 2373 .
869 2367 874 2373 .
897 2348 1020 2381 repente.
1043 2347 1070 2372 P
1091 2347 1100 2380 ΙΙ
1127 2346 1229 2373 nebula
1252 2345 1288 2372 ad
1311 2346 1422 2372 noctem

145 2392 195 2411 om.
217 2384 308 2418 01128
327 2384 414 2411 catuli
434 2405 440 2411 .
461 2405 467 2410 .
488 2405 494 2412 .
514 2383 713 2419 coniugesque]
734 2391 783 2410 om.
805 2382 833 2410 0.
861 2383 896 2416 cf.
916 2383 953 2409 acl
970 2391 995 2409 v.
1014 2385 1065 2409 357
