1630 2684
0 660 19 958 ³,'''‘>.‘W⁴W2W253÷*W3W2
5 620 9 622 ,

421 144 534 172 ΟΟΜΜ.
553 144 594 171 IN
611 143 719 171 VERG.
739 143 821 170 AEN.
842 143 862 171 Ι.
884 146 1031 170 145-149.
1329 142 1371 174 63

181 227 253 259 146.
289 238 396 259 Ανιῑιιιν
420 226 486 257 ideo
517 225 592 266 quia
619 225 808 256 harenarum
837 225 973 265 conyerie
1000 224 1171 264 inpediente
1193 224 1373 265 praeclusae

87 281 131 314 ad
151 280 361 322 naviqandum
383 281 479 310 erant.
517 289 586 319 erqo
609 279 736 310 inmisso
754 278 790 309 in
808 288 860 310 eas
877 278 961 309 mari
983 280 1074 318 aptas
1096 278 1139 309 ad
1160 278 1372 318 naviyandum

86 333 173 374 facit.
217 333 261 366 sie
282 331 451 365 Sallustius
472 333 535 364 sed
555 332 619 364 ubi
641 334 800 372 tempore
822 332 914 363 anni
939 341 1039 363 mare
1061 331 1244 363 classibus
1267 333 1373 371 pate-

86 387 229 428 factum
251 388 311 418 est.
356 387 485 417 ceterum
508 385 554 417 bis
577 386 666 417 idem.
758 398 913 417 mmmm
936 385 1141 424 tranquillum
1161 384 1248 423 facit.

179 439 250 472 147.
286 451 383 474 ATQVE
400 450 483 470 ROTIS
500 450 621 471 SVMMAS
638 452 662 471 L.
678 451 701 470 P.
720 451 741 471 V.
765 438 835 470 bene
862 448 924 470 non
954 440 1095 470 moratur
1118 438 1152 469 in
1175 437 1374 477 descriptione
1392 445 1407 467 5

88 502 210 531 etms,
232 494 268 524 ut
289 492 380 523 citius
403 491 545 523 liberetur
557 489 718 523 Aeneas.*
800 499 1024 523 PERLABITVR
1042 499 1159 523 VNDAs
1183 490 1289 532 figura
1313 492 1372 523 est.

88 545 173 589 quod
196 545 283 577 enim
305 555 365 577 nos
391 544 487 576 modo
507 544 644 576 dicimus
668 555 726 586 per
749 544 1026 585 praepositionem
1045 544 1169 576 nomini
1189 544 1372 585 copulatam

88 600 241 642 sequente
266 598 380 639 verbo,
409 597 535 639 antiqui
558 609 651 629 verso
677 597 788 629 ordine
817 598 1092 639 praepositionem
1115 597 1292 629 detractam
1317 608 1372 628 no-

87 652 167 684 mini
194 651 373 694 iungebant
400 652 514 693 verbo,
550 651 598 683 ita
625 653 736 684 tamen
764 653 802 683 ut
830 653 917 683 esset
944 662 1009 683 una
1036 662 1111 692 pars
1140 651 1312 691 orationis,
1341 653 1373 682 et

87 706 252 739 faciebant
278 705 451 738 honestam
480 705 703 737 elocutionem.
749 715 810 736 nos
834 704 971 736 dicimus
1002 704 1076 746 ‘per
1098 704 1200 735 undas
1224 703 1374 745 labitur',
1393 711 1426 734 10

87 759 136 792 illi
163 759 315 791 dicebant
343 758 540 800 ‘perlabitur
567 758 694 790 undas’.
741 758 819 790 item
849 758 922 799 ‘per
950 758 1057 790 forum
1086 757 1195 790 curro'
1225 759 1258 789 et
1287 757 1372 799 ‘per-

89 823 182 846 curro
204 811 338 845 forum'.
378 812 559 844 notandum
583 812 681 853 plane
705 812 789 853 quod
813 812 1003 853 plerumque
1028 822 1121 843 suum
1144 811 1231 853 regit
1255 822 1374 852 casum,

37 875 40 878 ⁴
90 866 281 908 plerumque
306 865 346 897 ad
370 865 550 897 ablativum
574 865 704 897 transit.

179 919 250 952 148.
287 927 331 951 Ac
351 928 484 951 vnnv'm
503 927 626 951 MAGNO
648 928 684 950 ΙΝ
708 927 845 950 POPVLO
870 918 932 950 iste
956 918 1147 960 tempestati
1170 918 1284 960 populi
1307 930 1374 950 mo-

88 974 158 1005 tum
182 974 364 1014 comparat,
388 972 515 1004 Tullius
543 972 662 1013 populo
691 973 935 1013 tempestatem:
965 982 1024 1013 pro
1048 971 1170 1003 Milone
1199 972 1373 1014 equidem
1395 979 1426 1002 15

89 1028 242 1059 ceteras
265 1027 523 1067 tempestates
548 1027 585 1057 et
608 1025 806 1066 procellas
830 1025 870 1056 in
899 1025 984 1057 illis
1008 1025 1210 1057 dumtaxat
1238 1025 1373 1058 flucti-

88 1079 157 1112 bus
191 1080 424 1111 contionum.
473 1079 520 1110 ita
549 1081 577 1110 et
599 1079 756 1111 Homerus
782 1079 925 1110 seditioni
954 1081 1156 1119 tempestatem
1183 1077 1308 1120 κινήθη
1338 1076 1371 1110 δ’

88 1129 195 1174 ἀγορὴ
225 1130 270 1171 ὡς
296 1130 426 1175 κύματα
454 1129 562 1174 μακρὰ
591 1130 774 1173 θαλάσσης.
820 1131 892 1163 ideo
921 1134 1029 1163 autem
1058 1131 1212 1174 ‘magno’
1242 1132 1375 1174 addidit,

89 1186 166 1228 quia
197 1186 254 1218 ubi
284 1186 435 1228 frequens
469 1188 518 1218 est
550 1185 705 1227 populus,
737 1184 784 1216 ibi
815 1186 848 1216 et
876 1185 989 1217 crebra
1017 1184 1144 1216 seditio.
1194 1187 1223 1216 et
1247 1186 1375 1225 quidam

90 1239 270 1281 ‘populum'
294 1242 389 1272 totam
407 1240 572 1278 civitatem,
596 1237 751 1279 ‘vulqum'
770 1248 839 1270 vero
858 1238 974 1278 plebem
992 1238 1166 1279 significari
1182 1241 1307 1279 putant.
1394 1246 1427 1269 20

93 1305 186 1325 uses
206 1296 309 1325 autem
331 1296 367 1325 ut
387 1294 458 1334 fieri
479 1293 560 1325 solet.

181 1346 254 1379 149.
291 1359 406 1378 ,ςΕοιπο
434 1344 572 1378 ‘seditio'
591 1347 636 1377 est
656 1343 818 1387 (dissensio
837 1343 979 1387 civium),
1001 1345 1081 1377 sicut
1098 1345 1200 1377 Cicero
1218 1346 1266 1377 ait
1283 1346 1318 1377 in
1340 1346 1376 1377 de

92 1410 126 1432 re
142 1400 271 1441 publica
297 1410 409 1440 eaque
435 1399 620 1432 dissensio
648 1399 797 1440 civium,
820 1399 916 1439 quod
936 1409 1099 1431 seorsum
1122 1401 1207 1430 eunt
1233 1399 1304 1430 alii
1330 1399 1378 1430 ad

91 1453 201 1492 alios,
223 1453 357 1485 seditio
380 1454 529 1485 dieitur.
620 1461 738 1484 ANIMIS
758 1461 927 1484 IGNOBILE
952 1453 983 1484 id
1004 1454 1054 1484 est
1074 1453 1223 1491 stultum,
1247 1455 1284 1484 ut
1303 1463 1375 1484 con-

90 1508 143 1538 tra
169 1506 315 1538 nobilem
343 1506 486 1538 animum
513 1505 719 1548 prudentium
748 1505 894 1538 dicimus.
939 1506 1010 1538 ideo
1039 1506 1137 1538 etiam
1170 1506 1267 1547 paulo
1301 1508 1377 1548 post
1396 1514 1429 1537 25

92 1560 140 1592 ait
163 1559 313 1592 ‘arrectis
337 1559 501 1601 auribus'3
535 1559 674 1601 sumpsit
704 1559 791 1591 enim
818 1559 1070 1591 translationem
1099 1559 1139 1591 ab
1171 1559 1376 1600 animalibus,

164 1686 180 1710 3
201 1682 363 1718 Sallustius]
382 1683 447 1710 hist.
468 1682 566 1718 fragm.
586 1682 640 1710 inc.
657 1686 688 1709 11
704 1682 790 1708 Kritz.
805 1683 814 1716 11
830 1685 862 1709 15
877 1691 928 1717 pro
943 1683 1060 1718 Milone]
1081 1686 1106 1716 2,
1122 1686 1137 1709 5
1151 1684 1160 1717 11
1176 1685 1207 1709 17
1223 1682 1374 1717 Homerus]

92 1718 124 1746 11.
144 1718 171 1744 11
190 1719 312 1753 1441122
333 1718 431 1746 seditio
451 1727 474 1745 e.
493 1728 521 1752 q.
540 1719 574 1753 s]
594 1718 658 1745 Isid.
679 1727 717 1745 or.
737 1718 762 1744 V
782 1721 825 1751 26,
842 1721 873 1744 11
889 1719 898 1752 11
912 1718 941 1744 in
959 1718 994 1745 de
1013 1727 1042 1745 re
1061 1719 1150 1753 publ]
1170 1718 1209 1745 VI
1230 1722 1252 1745 1.
1272 1728 1299 1752 p.
1315 1721 1376 1752 843,

93 1757 109 1781 2
128 1754 221 1781 Halm.
235 1756 292 1789 1126
312 1754 431 1790 sumpsit
449 1754 524 1781 enim
543 1762 566 1781 e.
587 1763 612 1788 q.
633 1754 666 1789 s.]
686 1754 756 1781 Don.
777 1754 813 1780 ad
833 1754 894 1781 Ter.
914 1754 1000 1782 Andr.
1020 1754 1058 1781 IV
1078 1757 1103 1788 ὅ,
1122 1757 1156 1780 30

151 1869 178 1897 ‘1
199 1870 329 1905 congerie
350 1869 396 1896 02:
416 1870 530 1904 congeri
550 1870 573 1896 0
589 1871 598 1903 11
622 1873 636 1896 2
657 1871 739 1904 aptas
760 1869 806 1896 02:
826 1871 876 1903 apt
895 1869 919 1896 C
934 1871 944 1903 11
967 1873 982 1896 3
1002 1869 1071 1896 fecit
1090 1869 1124 1896 0²
1146 1870 1155 1903 11
1179 1873 1194 1896 6
1214 1879 1377 1896 pnnmmrvn

93 1906 187 1933 autem
207 1905 251 1940 011
270 1909 285 1932 8
305 1905 466 1938 sequentem
487 1905 510 1932 Ο
537 1905 664 1939 sequenti
683 1905 754 1931 ΗΟ3
771 1907 781 1939 11
801 1908 831 1931 11
854 1906 882 1931 et
900 1913 949 1931 om.
969 1905 995 1931 L
1014 1906 1023 1939 11
1043 1908 1074 1931 12
1095 1905 1190 1940 plane]
1210 1913 1330 1938 namque
1349 1905 1376 1930 B

93 1941 188 1968 tamen
207 1941 231 1968 Ο
245 1942 361 1974 fortasse
379 1949 445 1967 sane
465 1941 474 1974 11
497 1941 588 1975 suum]
608 1940 800 1967 accusatiuum
818 1940 970 1967 Fabricius
990 1941 999 1975 11
1021 1949 1116 1967 casum
1135 1949 1184 1967 om.
1204 1940 1231 1966 B
1255 1942 1265 1974 11
1290 1943 1322 1966 13
1342 1941 1377 1966 ad

93 1985 143 2004 om.
157 1977 214 2003 Bc
231 1977 305 2010 (add.
322 1976 366 2009 0⁸)
380 1977 390 2010 11
405 1979 438 2002 14
453 1977 490 2003 ad
504 1985 526 2003 υ.
540 1979 590 2003 148
610 1976 712 2010 Saepe]
734 1976 828 2002 autem
846 1976 879 2002 ut
897 1975 957 2002 fieri
976 1976 1054 2003 solet.
1074 1976 1101 2002 P
1113 1977 1122 2010 11
1135 1976 1188 2003 iste
1202 1976 1234 2002 Κ
1238 1976 1273 2003 O.-
1291 1975 1377 2010 uirgi-

93 2012 148 2039 lius
167 2012 368 2046 BLHMO³u
384 2015 416 2038 15
436 2012 544 2038 Tullius
565 2033 570 2038 .
587 2032 592 2037 .
610 2033 616 2039 .
636 2012 798 2038 contionum
817 2019 867 2038 om.
886 2011 913 2037 B
928 2012 937 2045 11
953 2020 1001 2045 pro
1020 2011 1124 2038 Milone
1145 2032 1150 2038 .
1167 2034 1173 2040 .
1189 2032 1195 2038 .
1216 2011 1376 2038 contionum

95 2056 144 2075 orn.
159 2048 189 2074 K
202 2049 212 2083 11
224 2049 257 2074 ut
274 2048 304 2074 in
322 2047 458 2074 milonina
477 2047 607 2081 equidem
625 2046 649 2074 Ο
664 2049 725 2081 (pro
744 2047 849 2074 milone
868 2047 998 2080 equidem
1015 2047 1058 2081 0³)
1073 2048 1082 2081 11
1099 2050 1129 2073 17
1149 2047 1315 2074 concionum
1335 2047 1358 2073 0
1370 2046 1379 2081 11

95 2091 191 2110 :temno
211 2092 313 2110 ean-orn
331 2093 368 2110 wc
387 2085 411 2117 (c
426 2084 458 2109 in
471 2091 526 2110 ras.
543 2082 587 2116 0²)
615 2091 719 2109 cynara
739 2084 857 2116 (xmara
878 2082 922 2117 0²)
953 2091 1043 2109 maura
1064 2091 1198 2109 eamecnc
1220 2082 1310 2117 01119
1330 2091 1378 2116 po-

95 2119 177 2153 pulus
196 2120 239 2146 est
256 2119 326 2146 130²
353 2119 473 2153 populus
493 2119 537 2153 011
550 2118 591 2145 ibi
610 2118 650 2153 et]
670 2118 719 2144 ubi
737 2118 779 2150 Κ,
800 2126 849 2145 om.
871 2118 904 2151 0,
925 2118 965 2145 ibi
985 2118 1028 2145 est
1047 2119 1084 2145 M
1090 2118 1124 2145 02
1137 2120 1146 2152 11
1162 2119 1190 2145 et
1209 2119 1379 2145 Masvieius:

95 2155 128 2180 ut
141 2154 175 2181 0²
188 2155 220 2181 in
233 2162 287 2181 ras.
303 2156 312 2189 11
326 2157 359 2180 22
375 2155 412 2181 ad
425 2162 449 2180 v.
467 2157 517 2180 149
537 2154 656 2189 Seditio]
677 2153 804 2180 desensio
824 2153 928 2180 ciuium
947 2154 1098 2180 secundum
1114 2154 1283 2181 Ciceronem.
1312 2153 1378 2179 Ani-

96 2189 148 2217 mis
165 2190 290 2225 ignobile
309 2190 421 2225 uulgus]
441 2190 471 2216 id
490 2192 534 2217 est
554 2189 672 2216 stultum
751 2189 842 2223 neutri
863 2190 905 2216 est
923 2189 1041 2224 generis.
1058 2190 1086 2216 P
1097 2191 1107 2224 11
1121 2189 1256 2217 dissensio
1276 2189 1378 2216 civium

351 2240 362 2254 8

98 2261 194 2288 addidi
215 2262 225 2295 11
247 2261 466 2298 inlllefpaquae
484 2261 507 2288 C
532 2261 561 2294 (d
583 2261 676 2287 littera
699 2268 778 2287 erasa
802 2263 847 2287 est.
886 2269 900 2287 e
915 2264 979 2294 post
997 2269 1126 2288 rasuram
1145 2264 1169 2288 et
1188 2270 1202 2288 e
1221 2269 1296 2294 supr.
1311 2269 1378 2288 vers.

100 2296 141 2330 (Ρ)
154 2298 164 2331 11
177 2300 211 2323 24
229 2298 262 2323 ut
278 2305 329 2324 om.
343 2296 402 2323 ΒΟ
419 2297 494 2331 (add.
511 2296 555 2330 0³)
570 2298 579 2331 11
593 2299 627 2323 25
646 2296 709 2323 ideo
729 2316 735 2322 .
752 2316 759 2323 .
774 2317 781 2323 .
802 2296 970 2323 animalibus
990 2305 1038 2323 om.
1054 2297 1082 2323 B
1096 2298 1105 2331 11
1118 2297 1195 2332 ideo]
1215 2297 1288 2323 unde
1303 2296 1379 2329 LM,

98 2332 173 2359 sed-e
191 2340 258 2359 corr.
278 2332 304 2358 L
317 2333 326 2366 11
340 2332 435 2359 autem
455 2332 552 2366 Ρ1126
572 2332 646 2359 enim
665 2340 715 2359 om.
737 2332 759 2359 G
765 2331 837 2359 PM
854 2333 928 2367 (add.
945 2332 989 2366 0³)
1003 2333 1013 2367 11
1027 2332 1208 2366 animalibus,
1228 2332 1260 2358 ut
1279 2332 1379 2358 Teren-

98 2366 154 2394 tius
174 2367 279 2404 ‘arrige
298 2376 378 2394 aures
397 2367 560 2403 Pamphile’
582 2368 612 2394 D
