1722 2670
541 163 657 191 COMM.
674 163 714 190 IN
733 163 840 191 VERG.
860 164 944 191 AEN.
964 164 1010 192 ΙΙΙ.
1030 168 1178 192 τοο-713.
1427 165 1492 196 457

308 244 380 277 705.
417 252 580 277 PALMOSA
607 253 751 276 samnvs
776 244 891 276 civitas
919 247 962 276 est
984 245 1073 277 iuxta.
1096 245 1301 288 Lilybaeum,
1324 246 1492 278 abundans

218 298 336 340 palmis
360 288 474 339 quibus
491 300 660 336 vescuntur,
684 299 717 329 elz
739 298 822 339 apio.
868 308 911 329 an
934 281 1104 338 ‘palmoffl’
1127 299 1166 331 ab
1188 300 1272 340 equis
1295 299 1470 332 nobilibus?

308 352 381 384 706.
418 364 504 384 sans
525 363 664 383 umam
691 363 791 383 cae-ets
811 361 879 382 vere
901 351 989 392 dixit,
1012 362 1086 383 nam
1110 352 1183 384 litus
1197 353 1415 393 Lilybetanum
1436 363 1492 384 na-

217 405 360 438 twraliter
389 405 488 446 saccis,
521 404 613 444 quasi
646 405 682 436 de
711 405 868 436 industria
897 405 1093 437 constrictum
1123 408 1174 437 est.
1219 416 1293 437 sane
1322 407 1493 438 notandum

214 452 357 491 onmium
386 458 481 490 trium
504 458 791 497 promontoriorum
814 457 940 490 Siciliae
966 458 1084 498 factam
1107 459 1303 497 mentionem,
1326 461 1361 490 ut
1384 459 1491 500 <687>
1512 465 1527 488 5

215 522 292 544 ecce
304 506 433 543 *autem
455 509 598 542 Boreas
621 513 781 551 anyusta
803 511 846 542 ab
868 511 949 543 sede
971 511 1100 543 Pelori
1127 514 1156 543 et
1177 511 1285 552 <699>
1307 512 1493 551 proiecta-

215 575 283 606 que
304 574 398 597 saxa
419 563 589 604 Pachyni
611 566 640 595 et
661 563 710 595 hic
733 564 821 595 modo
843 565 949 596 saxis
971 565 1146 606 Lilybeia
1169 565 1295 596 caecis.

307 617 379 650 707.
415 625 573 648 DREPANI
611 625 745 649 PORTVS
783 616 971 658 Drepanum
1008 618 1123 649 civitas
1157 620 1207 649 esf,
1239 628 1304 649 non
1341 615 1438 660 longe
1474 630 1494 649 a

215 671 325 703 monte
339 669 454 711 Eryce,
477 672 568 701 trans
583 669 783 711 Lilybaeum,
807 670 894 702 dicta
916 670 968 702 vel
991 672 1124 712 propter
1146 672 1354 702 curvaturam
1376 671 1493 713 litoris,

213 723 249 754 in
281 734 344 765 quo
377 724 441 754 sita
471 725 533 764 est,
566 724 617 755 vel
648 723 734 765 quod
765 722 923 755 Saturnus
954 726 1029 765 post
1059 725 1227 764 amputata
1257 724 1364 755 virilia
1394 723 1492 756 Caelo
1513 730 1546 753 10

216 776 302 817 patri
326 776 404 808 illue
427 776 545 808 falcem
563 776 710 818 proiecit,
734 787 815 818 quae
830 776 952 808 Graece
971 776 1136 818 δρέπανος
1155 777 1284 808 dicitur:
1309 777 1393 818 quod
1411 778 1491 809 veri-

216 829 322 862 simile
345 832 479 871 putatur
506 831 640 871 propter
663 830 865 862 vicinitatem
888 829 1018 871 Erycis,
1047 829 1226 861 consecrati
1250 829 1383 870 Veneri,
1411 841 1492 872 quae

214 881 332 915 dicitur
360 885 438 915 nata
467 894 505 915 ex
534 882 624 915 Caeli
653 894 765 914 eruore
794 885 827 914 et
855 894 970 924 spuma
999 883 1107 914 maris.
1152 883 1278 922 quidam
1308 882 1492 923 ‘Drepana'

214 936 330 968 dietum
352 937 449 968 voluit
470 947 491 967 a
512 937 592 976 falce
611 935 736 974 Cereris,
759 946 854 976 quam
877 936 928 974 ibi,
952 946 1021 967 cum
1043 936 1145 976 filiam
1167 946 1257 967 suam
1271 935 1491 976 Proserpinam

213 992 376 1030 quaereret,
399 989 514 1020 amisit.
560 989 635 1020 Cato
653 989 821 1028 pluraliter
842 988 930 1020 haec
952 989 1129 1029 Drepana
1152 989 1234 1020 dicit.
1324 998 1489 1021 INLAETA-
1511 995 1542 1018 15

213 1050 305 1074 BILIS
329 1044 461 1083 propter
484 1042 586 1083 patris
610 1041 826 1073 amissionem.

307 1095 380 1127 708.
418 1106 500 1126 „sert-s
522 1095 695 1136 transactis,
717 1095 764 1126 vel
786 1094 933 1135 quomodo
958 1093 1122 1126 ‘mensibus
1145 1094 1247 1126 actis'.

305 1149 378 1180 711.
415 1156 547 1180 FESSVM
575 1156 724 1180 DESERIS
757 1149 795 1179 111
828 1159 925 1189 supra
952 1147 1100 1189 <1267>
1130 1147 1283 1190 diximus,
1316 1149 1490 1181 seeundum

213 1201 410 1244 Vergilium:
448 1212 524 1233 nam
549 1200 630 1232 Cato
659 1201 795 1246 eumin
818 1201 988 1241 oriyinibus
1016 1201 1055 1233 ad
1078 1201 1208 1233 Italiam
1232 1202 1358 1234 venisse
1382 1202 1490 1243 doeefi3

214 1255 298 1288 unde
322 1254 421 1287 eiiam
443 1254 479 1286 in
502 1249 592 1286 sexto
617 1254 724 1295 (718)
747 1253 828 1286 illud
852 1254 1064 1295 amphibolon
1087 1256 1137 1286 est
1165 1265 1236 1296 quo
1265 1255 1388 1297 magis
1412 1255 1489 1286 Ita-
1509 1260 1542 1283 20

213 1308 268 1340 lia
291 1319 436 1340 meeum
458 1308 607 1339 laetere
631 1310 796 1349 reperta.
832 1318 908 1339 nam
930 1310 1047 1348 etpost
1067 1308 1218 1340 Latinum
1243 1308 1442 1349 Turnumque
1463 1310 1492 1339 et

213 1362 364 1393 Amatam
387 1362 500 1393 dicitur
522 1362 688 1393 excessisse.
733 1361 786 1393 sed
807 1361 877 1393 bene
899 1361 948 1393 hic
969 1360 1169 1402 subtrahitur,
1191 1371 1230 1393 ne
1246 1372 1364 1402 parum
1386 1362 1490 1393 decoro

213 1416 315 1447 amori
337 1415 466 1447 intersit.
511 1415 670 1454 quaeritur
696 1424 771 1446 sane
797 1424 852 1445 cur
879 1414 945 1446 sine
967 1414 1033 1446 ulla
1055 1414 1253 1455 descriptione
1273 1415 1370 1454 funus
1386 1416 1491 1456 patris

210 1468 427 1509 praeterierit?
464 1470 521 1499 aut
541 1468 617 1507 quia
638 1467 673 1498 in
693 1467 728 1499 V.
750 1467 887 1499 dicturus
909 1469 961 1508 est,
983 1469 1011 1498 et
1033 1467 1078 1499 bis
1100 1468 1203 1499 eadem
1225 1468 1322 1500 dicere
1343 1469 1491 1507 vitaverit,

213 1524 270 1553 aut
291 1522 375 1562 quia,
397 1522 477 1553 sicut
498 1521 613 1552 dictum
635 1522 686 1561 est,
709 1520 859 1552 Anchises
881 1520 924 1551 ad
945 1519 1076 1551 Italiam
1099 1531 1168 1552 cum
1189 1521 1255 1562 filio
1274 1522 1419 1562 pervenit.
1509 1526 1542 1549 25

306 1575 380 1606 712.
423 1583 492 1606 nac
525 1582 637 1606 VA'ras
670 1582 832 1606 HELENVS
866 1573 942 1615 quia
975 1573 1101 1605 dixerat
1133 1573 1241 1614 <379>
1279 1574 1492 1615 prohibent

214 1639 300 1659 nam
324 1629 454 1659 cetera
477 1638 616 1668 parcae
640 1627 739 1659 scire
761 1627 958 1659 Helenum.

306 1681 378 1713 713.
416 1689 489 1713 NON
518 1690 603 1712 DIRA
633 1688 796 1712 CELAENO
821 1691 903 1721 quae
926 1680 976 1712 vel
1001 1680 1085 1711 irata
1108 1680 1219 1711 debuit
1243 1680 1379 1712 adversa
1401 1692 1491 1722 prae-

288 1780 320 1804 15
341 1777 422 1812 Cato]
443 1786 481 1804 or.
502 1778 540 1803 III
559 1776 659 1812 fragm.
676 1779 709 1803 10
728 1785 772 1810 ap.
792 1776 950 1809 Iordanum,
969 1776 1069 1811 fragm.
1085 1779 1118 1803 89
1134 1785 1178 1810 ap.
1192 1777 1321 1803 Peizerum
1336 1777 1345 1810 11
1361 1779 1393 1803 19
1409 1776 1489 1812 Cato]

215 1813 248 1840 ef.
269 1821 308 1840 or.
328 1813 340 1839 I
358 1812 458 1847 fragm.
479 1815 515 1839 10
533 1821 577 1847 ap.
598 1812 747 1839 Iordanum

289 1886 302 1910 1
325 1893 423 1910 saurus
442 1884 513 1910 ΓΜ
517 1883 548 1909 Ε
574 1893 681 1909 summe
702 1882 726 1909 O
750 1892 847 1909 semus
867 1882 900 1908 H
910 1883 919 1916 11
934 1883 976 1909 est
994 1882 1054 1909 hab.
1071 1882 1157 1916 only
1159 1882 1241 1909 beum
1256 1881 1286 1908 F
1301 1882 1453 1916 lilybaeum
1470 1882 1494 1909 0

217 1919 344 1946 lilibeum
358 1919 422 1945 LH
433 1920 442 1954 11
456 1923 472 1946 2
492 1919 558 1953 quib
549 1928 592 1946 us
610 1918 760 1945 vescuntur
778 1918 839 1944 hab
855 1918 884 1951 C',
904 1918 990 1944 edidit
1004 1917 1158 1958 Stephanus
1172 1918 1181 1951 11
1195 1917 1271 1952 apio]
1292 1917 1402 1944 σέλινον
1417 1918 1490 1945 enim

216 1954 312 1995 apium
332 1954 434 1981 dieitur
452 1956 515 1981 add.
530 1954 567 1981 D
598 1955 632 1987 cf.
652 1954 724 1980 Isia
744 1961 782 1980 or
797 1953 875 1980 XVII
892 1956 933 1986 11,
949 1953 1017 1987 2113
1033 1954 1070 1980 ad
1088 1952 1161 1980 saxis
1180 1952 1303 1987 lylybeia
1321 1954 1380 1987 (sic)
1400 1953 1490 1980 caecis

214 1990 247 2016 in
264 1998 350 2024 mara.
374 1998 439 2017 uere
463 1990 538 2016 dicit.
567 1998 632 2016 nam
651 1989 837 2023 lilybetanum
856 1988 921 2014 litus
941 1988 1106 2016 naturaliter
1124 1988 1197 2015 saxis
1216 1988 1327 2015 uidetur
1346 1997 1405 2015 esse
1425 1997 1489 2016 eon—

215 2024 343 2051 strictum
364 2025 389 2051 T
410 2027 419 2060 11
442 2035 537 2052 mmm
557 2025 587 2051 F
606 2026 616 2059 11
638 2025 712 2059 ligus
731 2024 762 2050 F
781 2025 791 2058 11
814 2024 997 2058 lelybitanum
1018 2023 1073 2058 Fu
1097 2023 1233 2050 naturali?
1254 2023 1285 2050 F
1300 2025 1372 2058 quod
1389 2025 1490 2051 natura

216 2059 336 2087 liberum
354 2061 548 2095 interpretatus
566 2064 604 2087 est
622 2060 726 2087 Daniel
743 2061 753 2094 11
772 2063 788 2086 4
807 2059 943 2086 industrio
964 2059 995 2085 F
1005 2060 1014 2094 11
1029 2060 1217 2086 constructum
1236 2058 1340 2086 Daniel
1354 2060 1483 2094 primus

264 2095 320 2129 Fu
338 2097 490 2124 notandam
510 2096 539 2122 F
555 2097 564 2130 11
583 2100 598 2122 6
619 2096 738 2130 angusta
756 2095 792 2122 ab
811 2095 876 2121 sede
894 2095 999 2130 Pelori]
1020 2096 1049 2122 eb
1067 2094 1175 2129 reliqua
1194 2094 1249 2128 Fss
1268 2098 1282 2122 7
1302 2068 1416 2129 pachini
1435 2062 1490 2165 1711

216 2104 244 2157 8Β
253 2140 366 2158 nmium
385 2141 483 2159 pomvs
502 2141 551 2158 om.
567 2131 728 2165 LHMEfl
741 2139 818 2157 11011.
847 2130 970 2165 ‚Eryce]
991 2131 1056 2157 ante
1070 2130 1171 2165 pedem
1185 2095 1293 2157 mmites
1308 2131 1397 2164 eryois
1412 2129 1483 2165 FOE

215 2168 231 2192 9
251 2174 299 2200 ery
300 2174 333 2193 eo
352 2166 419 2193 LM
446 2167 540 2202 gerico
560 2167 593 2194 H
618 2166 692 2194 erico
711 2166 742 2194 E
762 2166 772 2200 11
796 2169 829 2192 10
848 2167 891 2192 est
909 2173 958 2192 om.
979 2166 1039 2199 011
1051 2169 1082 2192 11
1102 2165 1161 2192 illio
1179 2174 1213 2192 ecc
1230 2165 1298 2192 illue
1317 2166 1343 2192 L
1363 2167 1372 2200 11
1390 2174 1513 2200 graece·

216 2209 266 2227 om.
285 2201 316 2227 F
342 2201 410 2236 drep
412 2210 478 2229 anos
497 2203 599 2230 dicitur
617 2210 715 2236 graece
736 2202 759 2228 Ο
770 2203 780 2235 11
799 2201 886 2236 quod]
907 2201 1005 2235 quodsi
1023 2201 1088 2227 LH
1112 2201 1224 2235 quodq
1225 2201 1287 2227 uasi
1306 2201 1356 2227 Ml
1370 2202 1379 2235 11
1394 2204 1427 2227 14
1446 2209 1489 2227 ee-

215 2236 283 2263 teris
302 2236 333 2262 F
352 2237 361 2271 11
386 2240 418 2263 15
437 2240 583 2271 quaereret
601 2238 718 2264 Daniel:
736 2237 828 2271 querit
845 2245 879 2263 ex
897 2210 989 2270 qquetit
1008 2236 1039 2263 F
1055 2237 1065 2271 11
1090 2239 1121 2263 19
1140 2236 1170 2263 111
1189 2236 1342 2271 originibus
1360 2237 1420 2263 hab.
1442 2235 1466 2262 G
1481 2236 1490 2271 11

216 2275 250 2298 20
268 2272 342 2298 unde
363 2273 406 2299 est
422 2273 519 2300 illud·
510 2283 540 2300 m
558 2275 635 2300 sexto
655 2282 719 2307 amp
722 2272 838 2299 hibolon
856 2272 887 2298 E
907 2272 917 2306 11
939 2275 973 2299 22
993 2272 1128 2299 exeesisse
1148 2271 1185 2305 F,
1204 2280 1274 2299 corr.
1294 2272 1398 2298 Daniel
1414 2273 1424 2306 11
1443 2271 1488 2298 de-

217 2315 280 2334 eoro
299 2307 418 2334 Daniel:
437 2308 537 2336 decore
557 2309 587 2336 F
598 2310 607 2343 11
621 2312 654 2335 23
674 2316 768 2335 amore
788 2307 818 2334 F
829 2308 839 2341 11
852 2308 996 2340 quaeritur
1014 2316 1063 2334 eur
1080 2307 1159 2334 sine.
1189 2307 1340 2341 ,peruenit
1357 2308 1388 2333 in
1401 2315 1487 2340 mary.

219 2343 244 2368 T
255 2344 265 2376 11
278 2342 360 2369 funus
379 2351 412 2369 ex
431 2343 511 2370 fanus
530 2344 561 2370 F
579 2344 666 2371 Fauni
680 2343 784 2370 Daniel
801 2343 906 2369 funeris
921 2343 1104 2370 Oommelinus
1113 2343 1222 2376 primus
1235 2343 1244 2375 11
1258 2345 1292 2368 24
1306 2342 1430 2368 uitauere
1441 2342 1471 2368 F
1479 2343 1489 2375 11

218 2380 252 2404 28
270 2378 444 2414 praedicere]
464 2379 592 2406 nuntiare
611 2379 668 2406 FC
