1630 2684
466 177 579 205 COMM.
599 177 638 204 IN
656 175 770 204 VERG.-
785 176 868 204 AEN.
888 177 922 204 ΙΙ.
942 180 1092 205 202-212.
1352 177 1417 209 255

224 259 298 292 205.
335 267 473 291 PELAGO
497 269 555 300 per
578 259 724 300 pelagus.

224 313 299 346 206.
336 321 441 344 ΝΒΑΕ
475 313 532 344 aut
564 312 699 354 cristae,
733 314 790 343 aut
823 312 953 344 barbae.
1008 311 1129 346 ‘iubae'
1161 316 1264 345 autem
1290 315 1418 355 proprie

134 376 280 407 equorum
301 368 381 398 sunt.
427 365 562 397 Plautus
584 358 619 397 in
641 365 870 406 Amphitruone
892 376 1032 407 anyues
1054 366 1184 398 iubati.
1275 375 1416 399 SANGVI-

135 428 229 463 ῌΕΔΕ
252 419 285 451 id
309 420 359 451 est
382 418 501 451 eoloris
527 419 705 461 sanguinei.

223 472 297 505 208.
334 485 409 505 PONE
426 474 509 513 post,
532 482 648 513 semper
671 473 706 505 in
730 473 806 514 loco,
829 483 1000 514 numquam
1023 474 1058 505 in
1082 475 1219 515 tempore.
1311 483 1416 506 LEGrr

133 519 266 568 transit,
292 527 329 558 ut
352 525 422 567 <111
445 526 532 568 292>
560 526 760 568 litoraque
788 526 901 568 Epiri
929 527 1105 569 legimus.
1196 536 1323 560 SINVAT
1348 539 1415 560 cur-

133 581 204 621 vat,
226 579 330 612 flectit
351 579 386 611 in
410 579 508 611 sinus.
581 581 702 620 smmr]
728 579 849 623 (sinuat
870 591 891 612 α
912 580 1012 623 sinu,)
1037 583 1073 612 ut
1094 591 1115 612 a
1137 581 1232 621 fluctu
1256 580 1416 621 ‘fluctuat'.

133 633 178 665 sic
199 633 235 666 in
255 634 403 675 yeoryiois
425 632 603 675 <111.192>
626 635 827 675 sinuatque
850 634 999 666 alterna
1021 635 1212 666 volumina
1235 645 1394 667 crurum.

222 687 296 719 209.
333 700 385 722 ptr
405 699 528 719 soum-s
546 690 582 719 ut
609 688 776 720 ostenderet
801 690 974 728 serpentum
1001 688 1259 729 maynitudinem,
1286 699 1417 729 quorum

133 740 168 772 in
192 740 280 781 lapsu
302 741 414 781 fluctus
441 741 650 781 mo'vebantur,
682 742 757 782 quia
784 742 831 774 ait
855 742 1042 782 'tranquilla
1064 752 1123 782 per
1145 741 1236 774 alta'.
1327 751 1415 774 SALO

134 793 270 826 dicimus
295 796 327 826 et
350 794 469 836 salum,
492 795 576 826 unde
601 797 650 827 est
674 795 788 837 ‘salo’‚
813 797 845 827 et
864 796 912 828 sal
942 796 1032 837 salis,
1056 798 1092 827 ut
1116 796 1152 836 <1
1175 796 1238 837 35>
1263 807 1416 838 spumas

133 844 230 880 salis
255 859 341 881 aere
365 848 523 880 secabat
546 851 579 881 et
602 849 639 890 <I
665 849 750 890 173>
779 849 860 881 sale
888 849 1071 885 tabentes
1103 851 1212 881 artus
1241 850 1280 881 in
1309 850 1417 882 litore

127 904 281 943 ponunt.
370 915 450 935 ΑκνΑ
477 902 527 934 hie
550 901 658 934 ‘arva'
681 913 742 943 pro
771 903 858 935 litore
881 903 1004 943 posuit,-
1032 913 1108 934 nam
1135 913 1216 943 arva
1240 905 1314 935 sunt
1340 913 1418 944 quae

134 951 262 988 Graecis
285 952 414 998 ἄρουρα
436 958 510 988 sunt
532 956 622 988 dieta.
664 959 693 987 et
715 956 785 988 bene
809 957 946 988 celeritas
968 957 1174 989 demonstrata
1196 959 1248 988 est.

221 1009 296 1041 210.
335 1018 507 1042 SVFFECTI
538 1021 597 1051 pro
627 1009 780 1051 ‘infecti'‚
812 1011 849 1041 ut
877 1010 1016 1042 conixa
1046 1021 1105 1051 pro
1136 1010 1245 1042 enixa:
1273 1010 1319 1042 vel
1341 1013 1417 1042 certe

132 1061 310 1102 inferiorem
333 1063 491 1095 oculorum
512 1066 636 1103 partem
660 1063 801 1095 habentes
824 1063 977 1103 infectam.
1015 1064 1047 1095 et
1071 1065 1122 1094 est
1140 1063 1246 1105 figura
1270 1063 1416 1096 ‘suffecti

133 1115 245 1148 oculos
253 1115 272 1157 ³,
295 1117 331 1148 id
351 1119 396 1149 est
417 1116 563 1157 †suffecti
586 1117 666 1149 oculi
689 1119 717 1148 et
735 1117 870 1156 suffusos
889 1117 990 1149 oculos
1014 1116 1163 1148 habentes.

224 1169 298 1201 211.
338 1178 454 1201 SIBILA
477 1169 510 1201 id
534 1171 584 1202 est
607 1170 788 1211 sibilantia,
816 1181 893 1202 nam
916 1170 1124 1212 participium
1148 1171 1210 1202 est:
1235 1181 1307 1202 cum
1331 1170 1416 1202 enim

132 1233 252 1255 nomen
271 1224 330 1265 est,
351 1221 656 1264 Qibilusfflicimus,
675 1225 712 1255 ut
730 1234 816 1255 nam
834 1234 957 1264 neque
977 1234 1031 1255 me
1051 1226 1201 1255 tantum
1220 1223 1416 1255 venientis

133 1275 273 1308 sibilus
305 1276 438 1308 austri.
536 1285 768 1308 VIBRANTIBVS
801 1276 992 1318 mobilibus,
1028 1276 1105 1318 quia
1140 1277 1265 1308 nullum
1296 1277 1416 1308 animal

132 1330 226 1361 tanta
249 1329 417 1362 celeritate
447 1329 594 1371 linguam
617 1331 740 1371 movet,
757 1319 847 1362 'adeo
877 1331 914 1361 ut
936 1329 1099 1371 triplicem
1128 1330 1273 1371 linguam
1297 1330 1416 1362 habere

132 1382 296 1425 videatur,
325 1394 397 1415 cum
425 1395 490 1415 una
519 1384 570 1415 sit.
621 1383 675 1416 hos
706 1384 853 1415 dracones
879 1383 1084 1425 Lysimachus
1111 1384 1257 1425 †ouriftn
1285 1386 1313 1416 et
1334 1384 1418 1425 peri-

132 1436 243 1468 boeam·
263 1437 353 1475 dicit‚·
381 1437 463 1478 filios
490 1447 559 1469 vero
582 1437 764 1469 Laocoontis
793 1436 965 1469 Ethronem
992 1440 1021 1469 et
1042 1437 1239 1470 Melanthum
1264 1437 1416 1470 Thessan-

132 1490 208 1522 drus
230 1490 313 1522 dicit.

222 1543 297 1575 212.
333 1556 506 1576 Εκεᾼινσνεε
529 1544 681 1582 timentes‚·
705 1554 781 1575 nam
804 1544 869 1576 ideo
888 1545 1025 1576 timentes
1042 1545 1229 1586 pallescunt,
1251 1545 1327 1585 quia
1345 1547 1416 1576 ante

205 1626 220 1649 3
239 1621 269 1649 111
287 1622 511 1664 Amphitruone]
526 1623 551 1649 V
572 1626 595 1656 1,
616 1625 649 1649 56
668 1623 678 1657 ΙΙ
697 1625 712 1649 5
731 1622 807 1649 Pone
826 1623 903 1658 post]
924 1623 959 1651 cf
978 1623 1041 1650 Isid
1062 1623 1119 1651 diff.
1138 1624 1215 1650 verb.
1235 1626 1286 1650 346
1306 1624 1316 1657 ΙΙ
1334 1624 1416 1658 Legit

132 1657 245 1693 transit]
271 1666 356 1686 exscr.
381 1658 446 1686 Isid.
471 1658 540 1693 orig.
565 1658 590 1684 Χ
615 1661 665 1684 154
689 1660 718 1685 et
741 1658 798 1686 diff
822 1659 897 1685 verb
923 1662 974 1686 335
997 1660 1007 1693 ΙΙ
1032 1662 1064 1685 15
1091 1659 1202 1693 conixa]
1227 1659 1288 1686 buc.
1314 1659 1326 1685 I
1351 1662 1382 1685 15
1407 1660 1415 1693 ἢ

134 1696 166 1720 17
181 1702 248 1721 nam
263 1694 365 1730 neque]
381 1694 443 1721 buc
459 1694 484 1721 V
498 1696 532 1721 82
547 1695 556 1729 ΙΙ
570 1697 604 1721 20
619 1694 685 1728 quia
700 1694 830 1722 nullum.
860 1703 938 1721 .una
952 1694 1001 1729 sit]
1020 1703 1106 1722 exscr
1121 1694 1184 1722 Isid.
1202 1694 1271 1729 orig.
1283 1694 1335 1720 XII
1345 1698 1370 1728 4,
1381 1698 1416 1720 44

206 1768 221 1792 1
241 1765 279 1793 ad
296 1774 321 1792 v
341 1768 393 1792 205
413 1768 438 1792 et
456 1768 508 1792 206
528 1765 645 1800 Pelago]
667 1773 720 1806 per
738 1765 864 1800 pelagus.
901 1765 999 1806 Iubae]
1024 1766 1074 1792 aut
1093 1765 1194 1792 cristae
1215 1786 1221 1792 .
1233 1786 1239 1792 .
1255 1787 1261 1793 .
1282 1774 1415 1805 equorum

133 1801 207 1828 sunt.
246 1801 423 1836 Sanguineas
456 1801 556 1828 coloris
576 1800 722 1835 sanguinei
742 1801 875 1834 (calorem
894 1801 1068 1835 sanguinea).
1091 1801 1118 1827 P
1140 1802 1150 1835 ss
1173 1804 1188 1827 2
1208 1801 1319 1836 cristae]
1340 1801 1415 1827 crine

132 1836 167 1863 H
185 1837 195 1871 ss
218 1839 234 1863 ὁ
259 1838 296 1864 ad
314 1846 338 1864 v.
359 1840 410 1864 208
454 1837 519 1871 one]
539 1837 673 1871 post..
692 1836 837 1863 uolumina
855 1845 974 1863 crurum.
1001 1836 1029 1862 P
1049 1838 1059 1871 u
1083 1839 1097 1863 7
1124 1836 1197 1863 fletit
1214 1837 1248 1862 Η
1271 1836 1343 1870 legit
1362 1836 1415 1871 P]

134 1875 151 1899 8
170 1872 318 1907 sinuetque
342 1873 409 1899 libri
433 1872 587 1906 Vergiliani
609 1873 619 1906 ΙΙ
642 1875 657 1899 9
682 1872 719 1899 ad
742 1880 765 1898 v.
786 1874 838 1899 209
857 1872 911 1899 Fit.
940 1873 1027 1907 Arua]
1052 1881 1102 1906 pro
1126 1872 1211 1899 litora
1233 1873 1334 1906 posuit.
1363 1871 1390 1897 P
1407 1873 1415 1906 ¹l

134 1910 166 1934 11
187 1916 299 1942 spumas
319 1908 386 1935 salis
406 1916 469 1935 aere
489 1908 603 1935 secabat
622 1909 650 1934 et
668 1916 719 1934 om.
740 1907 805 1934 OM
820 1908 852 1934 ut
870 1909 899 1934 et
918 1916 1030 1942 spumas
1050 1907 1114 1934 salis
1134 1915 1197 1934 aere
1217 1907 1351 1934 secabant
1368 1915 1414 1933 eac-

129 1946 238 1977 puncta
256 1944 287 1970 in
306 1944 336 1970 E
348 1944 357 1977 ΙΙ
376 1944 408 1970 ut
426 1951 476 1977 per
496 1951 609 1978 spumas
628 1943 654 1969 L
672 1943 682 1977 11
701 1951 800 1977 spuma
819 1943 852 1969 H
867 1944 876 1977 ΙΙ
898 1946 929 1969 12
950 1943 1075 1978 secabat]
1095 1943 1215 1969 ruebant
1233 1943 1298 1969 libri
1322 1942 1411 1976 Veryi

133 1979 205 2006 liam'
226 1979 236 2014 ΙΙ
258 1979 380 2006 tabentis
400 1980 437 2005 M
458 1980 468 2013 ΙΙ
493 1982 526 2005 14
544 1980 609 2005 sunt
628 1978 704 2005 dicta
724 1979 893 2005 Masvicius:
922 1980 986 2005 sunt
1008 1978 1106 2005 dicunt
1125 1978 1148 2005 G
1168 1979 1178 2012 ΙΙ
1203 1981 1234 2004 15
1259 1978 1296 2005 ad
1318 1987 1342 2005 v.
1363 1981 1415 2004 210

134 2013 264 2050 Suffecti]
288 2023 339 2049 pro
363 2014 472 2047 infecti,
496 2015 528 2041 ut
551 2014 651 2041 conixa
674 2022 725 2048 pro
745 2013 833 2040 enixa.
872 2015 900 2041 et
924 2015 967 2040 est
984 2014 1075 2048 figura
1100 2014 1213 2040 oculos
1232 2013 1356 2040 suffecti’
1360 2013 1415 2047 ,id

134 2051 176 2076 est
195 2050 303 2077 suffecti
322 2050 397 2077 oculi
415 2051 445 2077 et
466 2035 587 2077 'suffusos
611 2049 706 2076 oculos
730 2049 872 2077 habentes
900 2049 927 2075 P
948 2050 957 2083 ΙΙ
982 2052 1014 2076 16
1004 2023 1150 2082 gufortasse
1170 2049 1199 2075 id
1219 2050 1262 2076 est
1285 2049 1415 2076 suffectos

135 2085 230 2112 oculos
249 2085 399 2119 habentes,
418 2087 451 2113 ut
471 2086 582 2113 ‘oculos
602 2085 707 2112 suffusa
724 2084 861 2111 nitentes'
883 2085 963 2118 (Aen.
982 2085 995 2111 1
1015 2086 1078 2118 228)
1093 2086 1102 2119 ss
1118 2087 1150 2111 18
1170 2085 1207 2111 ad
1219 2093 1244 2111 v.
1259 2088 1309 2111 211
1328 2084 1416 2111 Sibila

135 2121 278 2156 (syllabam
303 2121 333 2148 id
361 2122 404 2149 est
422 2121 567 2148 sibilantia
584 2122 626 2155 (sy
627 2120 768 2154 billantia)
789 2142 795 2147 .
811 2142 817 2147 .
833 2142 839 2148 .
859 2120 958 2147 sibilus
976 2120 1104 2147 dicimus
1141 2120 1324 2147 Vibrantibus
1357 2128 1414 2146 mo-

132 2156 238 2184 bih'bus
258 2178 265 2184 .
280 2179 286 2185 .
303 2179 309 2185 .
329 2165 385 2184 una
406 2157 450 2184 sit.
471 2157 500 2183 P
511 2158 520 2191 ΙΙ
534 2160 568 2183 20
587 2156 665 2191 quia]
686 2164 757 2189 quae
778 2156 827 2190 Pu
841 2159 874 2182 22
894 2156 1070 2204 Lisimac‘hus
1089 2156 1113 2183 Ο
1124 2156 1134 2189 ΙΙ
1147 2156 1254 2183 Porcen
1272 2157 1300 2182 et
1341 2155 1415 2182 hari-

134 2191 234 2219 boeam
254 2193 416 2219 Mawicius.
454 2193 489 2226 cf.
512 2193 617 2219 Tzetzes
640 2192 678 2218 ad
695 2191 816 2226 Lycoph.
838 2191 911 2218 Cass.
931 2194 983 2218 347
1011 2189 1077 2222 ’τὰς
1095 2190 1246 2222 Καλύδνας
1259 2190 1358 2234 λέγει,
1385 2189 1414 2223 ἐξ

136 2222 176 2253 ὧν
193 2225 317 2259 πλενσας
337 2226 352 2254 ὁ
373 2226 487 2261 Πόρκης
506 2226 574 2269 ὄφις
597 2227 646 2254 καὶ
664 2225 681 2261 ἡ
703 2227 842 2261 Χαρίβοια
865 2225 914 2254 τὸν
933 2225 1111 2258 Λαοκόοντος
1134 2228 1226 2254 παῖδα
1248 2224 1364 2253 ανείλον
1383 2224 1415 2252 ἐν

134 2262 172 2298 τῷ
200 2263 250 2290 τοῦ
277 2264 318 2290 Θυ
321 2265 374 2299 μβρ
377 2265 441 2290 αίου
463 2261 631 2293 ’Λπόλλωνος
658 2263 734 2298 ναῷ’
783 2262 931 2297 Coryphen
958 2264 988 2290 et
1014 2262 1178 2290 Periboeam
1201 2262 1237 2290 F.
1257 2262 1413 2289 Schoellius.

134 2289 248 2330 fortasse
265 2274 371 2326 Porcen
390 2300 445 2327 ofin
465 2301 494 2326 et
513 2299 703 2326 chariboeam
719 2299 776 2332 1125
797 2299 833 2324 ad
851 2307 875 2325 v.
891 2301 942 2325 212
962 2298 1130 2333 Diffugimus
1149 2298 1223 2333 uisu]
1244 2298 1335 2338 qualis
1353 2296 1414 2323 uiu-

135 2332 212 2360 diota.
229 2333 259 2361 111
274 2342 321 2361 eos
335 2335 401 2368 fuit,
420 2336 452 2362 ut
466 2336 495 2362 et
508 2334 628 2369 posteris
643 2333 782 2374 supplicia
796 2333 866 2360 haec
884 2334 1102 2368 praeuidissent3
1121 2334 1212 2361 maior
1230 2333 1305 2360 enim
1323 2340 1415 2367 poena

136 2369 178 2395 est
200 2368 229 2395 in
250 2369 370 2403 uisione,
396 2379 481 2404 quam
507 2371 538 2397 111
562 2369 708 2405 patientia.
731 2369 761 2396 D
783 2370 793 2404 ΙΙ
816 2370 853 2396 ad
874 2378 898 2397 v.
923 2372 974 2396 212
998 2370 1175 2405 Exsangues]
1198 2369 1330 2396 timentes
1353 2388 1359 2395 .
1380 2389 1386 2395 .
1407 2389 1413 2395 .

135 2404 247 2438 agmine
265 2405 378 2433 caudae.
398 2406 428 2432 P

1436 747 1469 771 10

1437 1015 1469 1038 15

1436 1282 1469 1306 20

1434 1551 1468 1574 25
