1630 2684
470 142 584 170 COMM.
603 142 644 169 IN
661 142 769 170 VERG.
788 143 874 171 AEN.
892 143 913 170 Ι.
933 147 1046 171 29-35,
1354 144 1397 176 25

119 224 228 256 Persi
252 223 546 256 Macedonicum.
576 224 757 256 detrahitur
781 226 890 256 autem
913 225 1031 257 tertiae
1054 226 1278 258 declinationis
1302 237 1396 268 gene-

118 277 198 310 tivo.
243 288 318 310 same
339 276 425 318 apud
441 275 565 317 Siyeum
582 277 716 309 Achillis
737 280 842 310 statua
862 278 960 318 fuisse
983 279 1110 318 dicitur,
1133 290 1210 320 quae
1232 281 1267 312 iu
1291 280 1397 321 launa,

98 371 102 373 μ
119 331 155 364 id
175 334 219 363 est
240 332 274 363 in
296 331 409 363 extima
431 330 521 362 auris
537 333 630 371 parte
651 330 805 362 elenchum
823 341 906 363 more
922 331 1054 371 femineo
1072 332 1219 365 habuerit.
1232 333 1296 365 -hic
1313 334 1399 374 apud

119 383 241 416 Cretam
263 384 398 416 insulam
415 386 559 424 pemptus
581 386 705 416 vocatu-s
727 387 782 423 est,
805 387 841 416 ut
862 387 972 416 veteres
994 388 1132 418 auctores
1155 387 1289 418 tradunt.

207 437 258 469 31.
295 449 427 469 mosen
445 436 632 476 prohibebat.
682 438 839 479 siquiftcat
865 441 967 470 autem
996 441 1025 470 ct
1052 439 1223 472 ‘continet’.
1274 440 1397 471 Euuius

119 491 182 532 qui
201 490 359 530 fulmine
381 490 483 522 claro
506 491 630 522 omnia
646 501 714 531 per
736 492 883 523 sonitus
906 495 1019 531 arcet,
1042 493 1077 524 id
1098 495 1143 525 est
1164 494 1302 524 continet.

207 543 258 575 32.
296 556 365 575 Ασπ
383 544 480 583 mm]
504 544 593 575 uuila
611 544 746 576 quouis
770 545 890 576 invidia
913 548 963 577 est.
1053 554 1134 578 Ac'r1
1152 555 1255 578 FATIS
1276 547 1303 578 si
1323 547 1396 578 odio

116 597 248 630 Iunonis
272 596 509 638 fatigabantur,
533 606 596 639 quo
621 598 716 629 modo
741 598 819 630 dicit
847 598 927 630 ‘acti
954 599 1070 631 fatis'?
1117 599 1172 631 sed
1199 599 1261 631 hoc
1288 600 1396 641 ipsum

116 649 250 682 Iunonis
275 650 383 682 odium
406 649 508 681 fatale
532 652 590 688 est.
636 651 766 683 laborat
791 652 876 683 enim
891 651 1056 694 Vergilius
1080 653 1162 684 nihil
1184 653 1396 685 Troianorum

117 703 258 745 meritis,
280 703 336 736 sed
359 703 469 750 omnia
491 703 568 735 fatis
593 704 784 737 adscribere.
813 695 862 736 est
886 707 918 737 et
941 706 1024 737 alter
1043 716 1169 747 sensus3
1193 717 1268 738 nam
1291 707 1396 738 fatum

116 757 318 789 voluntatem
343 757 495 798 legimUS,
519 758 555 788 ut
577 757 672 789 fatis
695 758 855 790 Iunonis
889 757 1119 800 iniquae7'id
1148 760 1198 790 est
1221 760 1398 802 voluntate,

78 839 82 842 .
117 811 155 843 ut
177 810 231 842 hic
253 810 494 852 intellegamus,
518 810 698 852 agebantur
719 811 802 843 *fatis
826 811 974 853 Iunonis,
1002 812 1034 843 id
1059 815 1108 844 est
1131 813 1308 845 voluntate.
1352 814 1398 845 vel

118 863 225 904 ‘fatis’
243 875 304 905 pro
327 864 432 905 malis,
455 867 491 895 ut
511 867 596 896 uate
619 864 759 897 Iliacis
782 866 938 897 exercite
959 866 1062 905 fatis.
1153 875 1262 898 MARIA
1286 876 1397 899 OMNIA

117 926 248 950 CIRCVM
271 918 305 949 in
328 917 390 949 fine
415 919 582 949 accentum
605 918 755 959 ponimus
780 920 894 950 contra
916 930 1040 951 morem
1060 916 1225 952 Latinum:
1251 920 1306 952 sed
1330 931 1397 952 cor-

116 971 225 1012 ruptio
253 970 315 1002 hoc
343 970 434 1012 facit3
462 981 602 1012 namque
625 972 824 1013 praepositio
854 973 1039 1014 postposita
1069 975 1221 1015 corrupta
1251 976 1301 1005 est
1330 974 1396 1006 sine

117 1024 223 1056 dubio.
906 1056 909 1059 .

206 1078 258 1110 33.
291 1087 395 1111 MOLIS
419 1079 630 1111 difficultatis.
667 1080 702 1110 iri
719 1080 910 1119 sequentibus
931 1080 1058 1120 proprie
1085 1081 1248 1112 miratur
1271 1081 1397 1113 molem

117 1130 270 1164 Aeneas.
360 1141 530 1163 ROMANAM
546 1141 711 1164 CONDERE
728 1141 874 1164 GENTEM
889 1132 1029 1164 latenter
1043 1134 1184 1165 ostendit
1198 1134 1274 1166 hinc
1287 1135 1397 1166 odium

55 1204 60 1205 ν
117 1184 250 1216 Iunonis
269 1184 414 1217 Aeneam
437 1185 623 1226 pertulisse,
648 1186 732 1227 quod
755 1185 920 1218 Romanae
945 1186 1051 1227 gentis
1077 1188 1188 1218 auctor
1211 1187 1351 1220 extabat.

207 1238 258 1269 34.
295 1247 356 1270 le
385 1239 446 1270 hoc
474 1239 545 1270 loco
574 1250 647 1283 mox
672 1239 836 1280 significat
858 1239 911 1271 vel
939 1240 1060 1271 statim.
1150 1249 1171 1271 E
1197 1249 1397 1273 CONSPECTV

58 1294 67 1297 “
116 1292 154 1323 ut
181 1290 284 1322 adhuc
312 1291 351 1322 de
375 1290 487 1323 Sicilia
513 1294 649 1332 possent
676 1292 789 1323 videri.
878 1295 907 1324 et
933 1295 968 1324 ut
990 1293 1146 1325 Homerus
1173 1295 1278 1326 omisit
1303 1295 1397 1326 initia

119 1344 189 1376 belli
214 1345 358 1385 Troiani,
380 1346 424 1376 sic
446 1345 495 1376 liic
517 1356 580 1376 riou
603 1345 641 1376 ab
664 1346 755 1377 iuitio
778 1346 873 1386 coepit
895 1347 1015 1379 erroris.

207 1397 259 1429 35.
291 1406 395 1429 LAETI
413 1398 465 1430 vel
486 1398 608 1430 alacres
629 1401 661 1430 et
680 1399 822 1440 veloces,
846 1401 883 1441 ut
902 1402 951 1431 cst
971 1401 1008 1431 et
1026 1401 1153 1432 laetus
1174 1402 1255 1434 eois
1270 1402 1396 1434 Eurus

190 1514 206 1538 5
225 1511 343 1546 Ennius]
368 1520 430 1539 ann.
454 1513 501 1539 rel.
526 1516 576 1538 532
601 1513 682 1539 Vahl.
706 1513 716 1547 11
740 1516 771 1539 11
796 1513 873 1548 satis]
898 1514 930 1539 A.
951 1513 1015 1540 VIII
1039 1518 1089 1541 292
1113 1516 1122 1549 11
1147 1518 1178 1541 13
1203 1516 1280 1551 nate]
1306 1517 1338 1543 A.
1358 1517 1397 1543 111

120 1549 170 1573 182
193 1548 202 1580 11
226 1550 257 1573 17
282 1547 399 1573 miratur
416 1548 448 1574 A.
469 1549 480 1574 Ι
503 1551 553 1574 421
577 1549 586 1580 11
609 1552 643 1574 20
667 1558 713 1574 vni
812 1548 920 1583 statim]
945 1550 1014 1576 Don.
1034 1550 1071 1576 ad
1090 1551 1150 1577 Ter.
1171 1552 1230 1578 hec.
1251 1552 1289 1577 III
1310 1555 1333 1585 1,
1355 1556 1395 1579 16.

118 1582 189 1609 Non.
209 1592 234 1616 p.
254 1585 303 1608 421
325 1583 361 1609 M.
384 1584 394 1616 11
417 1586 448 1609 21
471 1584 499 1610 et
517 1585 549 1610 ut
562 1584 697 1610 Homerus
716 1605 722 1611 .
739 1605 744 1610 .
761 1606 766 1611 .
787 1584 900 1619 erroris]
921 1585 956 1611 cf.
976 1586 1098 1613 Macrob.
1116 1586 1171 1613 Sat.
1188 1587 1213 1613 V
1233 1591 1257 1620 2,
1277 1590 1293 1613 8
1309 1597 1368 1622 sqq.
1388 1588 1398 1623 11

118 1621 152 1644 23
172 1619 201 1644 et
218 1618 320 1653 laetus]
342 1619 375 1644 A.
395 1619 420 1645 ll
440 1622 489 1645 417

189 1727 203 1750 1
227 1731 325 1758 persae
353 1724 376 1751 0
395 1726 404 1758 11
429 1725 657 1752 macedoniacum
681 1726 713 1751 K
742 1726 936 1753 macedonium
965 1737 1028 1754 cum
1053 1729 1076 1755 C
1102 1729 1323 1762 (macedonicum
1349 1730 1396 1762 0³)

118 1759 294 1786 madouieum
313 1760 339 1785 L
357 1761 436 1793 (corr.
456 1761 475 1794 l)
495 1760 703 1787 mecedonicum
723 1762 760 1787 M
772 1763 782 1795 11
796 1763 890 1788 autem
909 1772 921 1789 s
943 1762 976 1789 0³
998 1764 1007 1797 11
1031 1767 1045 1790 2
1067 1765 1192 1798 sigaeum
1216 1764 1258 1799 011
1272 1765 1357 1792 launa
1377 1766 1400 1792 G

117 1795 152 1828 cf.
171 1795 275 1822 Aruob.
299 1795 360 1821 adv.
379 1798 437 1822 nat.
462 1796 487 1822 ΙΙ
512 1799 558 1829 42,
583 1797 631 1822 ubi
656 1797 787 1823 ‘larinas'
814 1806 827 1823 e
847 1798 980 1827 Parisino
1003 1801 1122 1826 restituit
1145 1800 1398 1833 Reifferscheidius:

116 1829 174 1857 ima.
197 1839 210 1856 e
228 1830 365 1857 Fuldensi
390 1832 509 1858 cuotavit
528 1832 688 1865 Scioppius,
715 1834 787 1866 quod
812 1842 845 1859 ue
863 1834 999 1868 Berylcius
1022 1836 1128 1868 quidem
1154 1837 1272 1862 correxit
1294 1838 1304 1870 11
1326 1840 1341 1862 3
1368 1836 1397 1862 in

117 1865 245 1892 existima.
261 1865 284 1892 O
294 1867 304 1900 11
318 1870 333 1891 5
353 1867 390 1892 ad
404 1875 427 1893 v.
443 1870 475 1893 31
492 1867 625 1902 Arcebat]
641 1868 816 1901 prohibebat.
845 1869 994 1902 aliquando
1010 1871 1150 1904 significat
1165 1892 1171 1897 .
1187 1893 1193 1898 .
1210 1893 1215 1898 .
1230 1871 1259 1897 id
1275 1873 1317 1897 est
1332 1880 1396 1898 con-

116 1901 197 1928 tinet.
219 1901 246 1927 P
257 1902 267 1935 11
280 1901 399 1936 Ennius]
420 1903 454 1934 cf.
473 1903 669 1929 Lachmauuus
692 1904 729 1929 ad
747 1904 829 1930 Lucr.
849 1905 887 1930 IV
909 1906 981 1939 12811
997 1909 1010 1932 7
1031 1907 1068 1932 ad
1086 1915 1109 1933 v.
1130 1910 1163 1932 32
1183 1906 1247 1933 Acti
1270 1906 1347 1941 fatis]
1373 1907 1397 1934 si

119 1936 182 1963 odio
197 1937 314 1963 *Iunonis
333 1946 388 1970 quo
407 1937 491 1964 modo
512 1937 585 1964 ‘acti
604 1938 705 1965 fatis’?
743 1939 791 1965 sed
811 1939 864 1966 hoc
882 1940 973 1973 ipsum
995 1941 1107 1968 Iunonis
1127 1941 1222 1968 odium
1240 1942 1327 1969 fatale
1346 1944 1396 1969 est.

111 1971 188 2005 ‚alter
206 1981 300 1999 sensus
319 1995 325 2000 .
341 1995 347 1999 .
364 1993 369 1998 .
389 1973 509 2006 iniquae.
547 1973 594 1999 uel
612 1973 678 2000 fatis
697 1981 747 2007 pro
766 1975 846 2001 malis
867 1996 872 2001 .
889 1997 894 2002 .
911 1997 916 2002 .
938 1976 995 2002 sine
1015 1977 1106 2003 dubio.
1130 1977 1157 2002 P
1169 1978 1178 2011 11
1192 1977 1215 2003 si
1233 1977 1300 2003 fatis
1318 1978 1397 2004 nulla.

116 2007 228 2037 Iunonis
255 2007 363 2034 inuidia
391 2010 433 2035 est
461 2017 474 2034 e
497 2008 635 2035 Fuldensi
662 2009 809 2043 Scioppius
831 2011 840 2044 11
864 2014 879 2037 8
903 2010 1096 2045 fatigabantur
1123 2021 1172 2040 om.
1199 2012 1299 2039 BGM
1322 2014 1395 2047 (add.

118 2042 192 2077 G³m)
215 2044 225 2077 11
247 2043 317 2070 dicit
335 2051 384 2070 om.
403 2044 503 2071 ΒΟΜ
507 2044 540 2070 H
556 2045 631 2078 (add.
653 2044 697 2078 (7³)
721 2046 730 2079 11
755 2049 785 2071 11
810 2046 929 2080 legimus
954 2047 1027 2073 enim
1045 2048 1135 2074 fatum
1154 2048 1330 2075 uoluntatem
1350 2048 1373 2075 C
1388 2049 1397 2083 11

1198 2099 1214 2112 V

116 2113 146 2140 id
164 2114 206 2140 est
228 2114 375 2141 uoluntate
475 2115 504 2141 id
530 2116 573 2141 est
595 2115 741 2142 uoluntate
765 2125 815 2144 om.
836 2117 859 2143 Ο
882 2118 955 2151 (add.
978 2118 1021 2151 0³>
1044 2119 1053 2151 11
1077 2121 1109 2144 15
1137 2119 1275 2153 correptio
1300 2119 1372 2145 ΒΜ
1388 2119 1396 2154 11

118 2152 150 2176 17
165 2149 235 2176 adv.
247 2153 281 2176 33
292 2149 387 2185 Molis]
403 2150 576 2177 difficultatis
593 2151 623 2177 in
637 2152 823 2184 sequentibus.
847 2153 1002 2182 Romanam
1013 2154 1130 2180 condere
1141 2155 1266 2189 gentem]
1277 2155 1398 2181 latenter

118 2204 125 2211 .
139 2205 146 2211 .
162 2205 168 2211 .
187 2185 332 2212 existebat.
355 2186 383 2211 P
395 2186 404 2219 11
420 2189 451 2212 19
471 2186 611 2213 existabat
631 2186 654 2213 0
677 2186 831 2214 existaebat
851 2188 885 2214 0²
903 2191 934 2215 ut
952 2190 1060 2216 videtur
1079 2190 1245 2225 exssssstabat
1267 2190 1292 2216 L
1317 2191 1397 2223 (duae

117 2220 221 2247 litterae
240 2229 333 2247 erasae
350 2223 425 2255 suut)
439 2223 449 2255 11
463 2225 497 2248 20
517 2223 554 2248 ad
573 2230 597 2249 v.
619 2225 653 2248 34
672 2221 738 2257 Vix]
758 2223 811 2250 hoc
831 2224 893 2250 loco
912 2233 983 2251 mox.
1022 2225 1043 2250 Ε
1064 2225 1226 2260 conspectu]
1251 2227 1282 2251 ut
1305 2226 1396 2252 adhuc

117 2255 152 2281 de
172 2255 269 2282 Sicilia
287 2257 395 2290 possint
417 2257 514 2284 uideri.
537 2257 564 2283 P
585 2259 594 2291 11
617 2257 756 2291 signifieat
778 2259 824 2285 uel
848 2260 945 2286 statim
968 2269 1017 2287 om.
1037 2261 1069 2287 K
1089 2261 1098 2294 11
1121 2264 1153 2287 21
1178 2261 1287 2295 possint
1310 2261 1342 2286 K
1345 2261 1370 2286 L
1388 2261 1396 2290 ἱ1

119 2293 153 2317 23
173 2292 210 2318 ad
228 2300 252 2318 v.
272 2295 306 2318 35
326 2291 418 2327 Laeti]
446 2293 552 2319 alacres
575 2293 620 2319 uel
645 2293 755 2319 ueloces
776 2315 781 2320 .
798 2316 803 2321 .
819 2315 826 2321 .
845 2295 932 2328 equis.
967 2296 1052 2331 Salis]
1072 2296 1157 2323 maris
1177 2317 1183 2323 .
1200 2317 1205 2321 .
1221 2318 1226 2323 .
1247 2305 1302 2322 non
1321 2296 1397 2322 soliti

118 2325 208 2353 lusere
231 2327 310 2353 sales.
349 2327 500 2361 aliquando
524 2328 712 2355 urbanitatem
736 2329 931 2363 significamus
970 2333 999 2358 et
1020 2332 1095 2358 istud
1120 2340 1222 2358 nomen
1248 2331 1396 2358 masculini

119 2362 227 2395 generis
246 2363 295 2389 est.
318 2363 346 2388 P
367 2364 376 2397 11
398 2373 466 2389 vum
489 2363 594 2390 alacres
612 2364 712 2390 KLH
731 2365 740 2398 11
763 2365 807 2391 uel
826 2366 937 2393 ueloces
958 2366 981 2393 O'

1418 713 1449 736 10

1418 979 1449 1002 15

1416 1246 1449 1269 20
