1722 2670
523 148 636 176 COMM.
656 148 696 175 IN
715 148 823 176 VERG.
843 149 926 175 AEN.
947 149 994 175 111.
1015 152 1128 176 69-73,
1398 149 1462 180 351

184 230 284 263 Ἰεναέ-ς’
303 233 406 263 autem
423 231 490 263 ideo
507 231 582 271 quia
599 231 741 271 superius
756 229 819 271 <8>
834 231 882 262 ait
899 231 961 262 vim
974 232 1100 292 prima
1117 232 1309 272 inceperat
1325 234 1463 269 aestas,

183 286 212 316 et
234 285 314 317 lenes
335 285 416 316 venti
432 294 491 325 per
513 285 658 315 aestatem
680 285 761 315 sunt.

275 338 325 370 71.
363 349 521 370 nsororzvr
534 337 671 378 proprie,
694 339 729 368 ut
751 347 766 368 e
789 338 944 368 contrario
968 336 1169 369 ‘subdue-anf.

275 392 326 423 72.
363 400 574 429 TERRAEQVE
599 399 781 428 VRBESQVE
806 399 992 422 RECEDVNT
1017 391 1187 432 physicam
1211 402 1279 422 rem
1298 391 1393 423 dixit:
1418 392 1464 423 ita

186 445 272 476 enim
295 444 524 486 navigantibus
548 444 683 482 videtur,
708 444 800 486 quasi
825 444 865 475 ab
890 444 942 475 his
966 446 1054 475 terra
1078 443 1231 476 discedat.

275 498 324 530 73.
371 506 480 530 sacrm
515 506 602 529 MARI
636 506 789 530 comrvu
822 506 936 529 nmmo
970 497 1048 529 ordo
1083 499 1145 529 est:
1179 498 1212 529 in
1245 497 1328 529 mari
1356 497 1461 528 medio

185 551 314 593 Aegaeo
338 551 455 583 colitur
478 551 576 583 tellus
601 562 702 592 sacra,
726 551 878 592 Neptuno
899 553 931 582 et
949 549 1127 582 Nereidum
1151 551 1258 592 matri,
1282 551 1315 582 id
1334 553 1384 582 est
1398 550 1463 582 Do-

182 605 244 636 ridi
276 605 474 646 gratissima.
527 605 638 636 fabula
670 607 773 636 autem
806 604 881 636 talis
915 606 976 636 est:
1014 606 1089 646 post
1122 605 1270 636 vitiatam
1303 604 1463 637 Latonam

182 657 328 699 Iuppiter
351 668 423 690 cum
447 658 545 690 etiam
570 658 638 690 eius
658 669 800 690 sororem
816 658 969 690 Asterien
988 658 1105 690 vitiare
1125 658 1233 699 vellet,
1258 659 1315 690 illa
1339 658 1464 700 optavit

181 723 201 743 a
224 711 301 752 diis,
333 714 370 743 ut
397 712 431 743 in
459 723 553 743 avem
577 713 830 744 converteretur:
865 722 1022 753 versaque
1046 712 1079 743 in
1103 712 1302 744 coturnicem
1327 714 1384 743 est.
1431 714 1463 743 et

181 775 254 796 cum
277 765 378 797 vellet
402 777 491 797 mare
514 765 743 806 transfretare,
767 765 854 807 quod
878 767 928 797 est
951 765 1167 806 coturnicum,
1201 765 1322 796 adflata
1347 776 1366 796 a
1388 764 1464 796 Iove

182 820 215 850 et
238 819 273 850 in
296 819 436 860 lapidem
462 830 625 859 conversa,
650 818 704 850 diu
730 819 789 850 sub
814 812 966 849 fiuctibus
987 818 1093 850 latuit.
1126 820 1241 859 postea
1261 818 1464 860 supplicante

180 864 251 904 Ϊονί
280 872 418 914 Latona,
448 873 558 904 levata
586 872 761 913 superferri
790 872 883 913 aquis
913 862 1028 913 coepit.
1074 871 1154 903 haee
1181 872 1287 913 primo
1311 871 1463 913 Neptuno

181 928 214 957 et
236 925 353 958 Doridi
377 926 440 957 fuit
464 928 659 957 consecrata.
705 927 820 967 postea
848 936 921 957 cum
944 925 1025 957 Iuno
1050 925 1218 967 gravidam
1243 925 1391 967 Pythone
1415 925 1461 956 in-

181 979 281 1011 misso
305 979 467 1011 Latonam
490 981 751 1020 persequeretur,
774 979 871 1010 terris
896 978 1046 1010 omnibus
1071 979 1205 1020 expulsa
1229 979 1366 1020 Latona,
1390 981 1460 1010 tan-

181 1034 254 1065 dem
278 1033 452 1075 aliquando
478 1033 660 1074 adplicante
685 1043 718 1064 se
742 1032 895 1064 litoribus
925 1043 1035 1063 sorore
1063 1034 1214 1073 suscepta
1243 1035 1306 1073 est,
1335 1034 1367 1063 et
1394 1031 1463 1063 illic

182 1087 320 1119 Dianam
343 1087 459 1128 primo,
482 1088 559 1127 post
582 1085 769 1126 Apollinem
793 1085 928 1126 peperit.
966 1086 1021 1127 qui
1045 1085 1158 1117 statim
1182 1085 1288 1117 occiso
1314 1084 1462 1126 Pythone

180 1141 267 1172 ultus
297 1145 347 1172 est
370 1140 487 1172 matris
511 1140 675 1171 iniuriam.
722 1149 798 1170 sane
821 1141 901 1170 nata
924 1138 1033 1170 Diana
1056 1139 1251 1180 parturienti
1274 1138 1462 1180 Apollinem

181 1193 280 1225 matri
307 1193 427 1225 dicitur
455 1192 643 1234 praebuisse
674 1192 858 1223 obstetricis
888 1191 1047 1223 officium:
1080 1192 1163 1223 unde
1193 1203 1264 1223 eum
1289 1191 1396 1223 Diana
1420 1191 1464 1223 sit

180 1248 288 1288 virgo,
320 1249 431 1278 tamen
455 1258 474 1278 a
497 1245 758 1287 parturientibus
783 1245 962 1277 invocatur.
1006 1245 1087 1277 haec
1109 1256 1250 1286 namque
1274 1247 1323 1276 est
1347 1245 1462 1286 Diana,

180 1300 271 1342 Iuno,
294 1300 500 1341 Proserpina:
546 1301 624 1330 nata
648 1298 749 1340 igitur
773 1299 835 1330 duo
859 1299 993 1330 numina
1017 1300 1137 1330 terram
1162 1299 1225 1330 sibi
1249 1299 1392 1330 natalem
1416 1310 1462 1330 er-

180 1364 252 1385 rare
275 1364 343 1385 non
365 1365 464 1395 passa
487 1354 576 1394 sunt,
600 1353 656 1384 sed
681 1363 751 1384 eam
775 1352 900 1384 duabus
924 1352 1038 1384 insulis
1063 1352 1295 1394 religaverunt.
1341 1352 1462 1384 veritas

180 1418 257 1439 vero
286 1407 383 1449 longe
412 1407 478 1438 alia
506 1409 563 1438 est.
609 1417 685 1437 nam
715 1406 794 1437 haec
819 1405 927 1437 insula
950 1416 1023 1437 cum
1047 1407 1152 1437 terrae
1176 1407 1267 1437 motu
1291 1405 1463 1446 laboraret,

181 1461 237 1502 qui
261 1461 298 1492 fit
322 1461 382 1492 sub
407 1460 503 1492 terris
528 1460 705 1491 latentibus
730 1459 845 1500 ventis,
870 1459 954 1491 sicut
977 1459 1126 1490 Lucanus
1151 1458 1222 1499 <III
1241 1458 1328 1499 460>
1354 1470 1463 1500 quae-

180 1516 330 1545 rentem
364 1525 561 1555 erumpere
594 1515 750 1545 ventum
783 1512 965 1553 credidit,
1000 1512 1130 1544 oraculo
1159 1512 1324 1552 Apollinis
1356 1514 1462 1544 terrae

182 1570 274 1599 motu
303 1567 415 1598 caruit.
462 1578 539 1598 nam
566 1567 747 1608 praecepit,
779 1577 819 1597 ne
847 1566 915 1597 illie
944 1567 1091 1597 mortuus
1123 1565 1328 1606 sepeliretur,
1365 1568 1401 1596 ut
1413 1567 1463 1597 An

188 1621 335 1662 Vulcano,
360 1622 392 1652 et
415 1620 512 1652 iussit
536 1621 694 1662 quaedam
718 1619 877 1651 sacrificia
900 1619 978 1650 fieri.
1012 1621 1126 1660 postea
1146 1629 1162 1649 e
1181 1618 1320 1659 Mycono
1342 1617 1465 1659 Gyaro-

187 1685 248 1716 que
272 1674 387 1706 vicinis
410 1674 526 1706 insulis
550 1673 664 1715 populi
687 1675 858 1714 venerunt,
887 1673 942 1713 qui
966 1683 1036 1703 eam
1061 1674 1222 1712 tenerent3
1256 1671 1341 1713 quod
1365 1672 1464 1703 etiam

252 1765 267 1788 3
287 1762 436 1788 Dedueunt
455 1782 461 1788 .
482 1783 488 1788 .
510 1783 515 1788 .
535 1761 705 1796 subducunt]
730 1761 764 1787 cf.
785 1760 850 1787 Isid.
870 1760 926 1787 diff.
948 1760 1022 1786 verb.
1044 1762 1093 1786 156
1112 1760 1121 1793 ΙΙ
1144 1763 1159 1785 8
1180 1759 1243 1793 post
1262 1759 1391 1785 vitiatam
1411 1760 1463 1785 La·

180 1799 276 1824 tonam
296 1806 320 1823 e.
339 1807 365 1831 q.
386 1798 420 1832 s]
445 1805 531 1824 exscr.
558 1797 698 1831 mythogr.
718 1797 730 1822 I
749 1800 796 1830 37,
816 1796 841 1822 II
862 1799 909 1829 17,
930 1796 967 1822 ΙΙΙ
987 1799 1017 1829 8,
1038 1799 1061 1821 3.
1089 1796 1123 1821 ef.
1143 1795 1221 1821 Luct.
1241 1795 1316 1821 Plac.
1337 1795 1373 1821 ad
1393 1794 1463 1821 Stat.

183 1833 269 1860 Theb.
291 1833 328 1860 IV
350 1836 409 1866 796,
431 1833 453 1859 V
473 1836 534 1866 533,
553 1833 622 1859 Ach.
642 1833 654 1858 1
673 1835 734 1866 206,
754 1834 805 1858 388

254 1916 271 1939 4
290 1913 359 1940 dicit
379 1913 440 1939 LE
452 1914 461 1947 ss
475 1916 490 1939 5
510 1912 643 1939 discedat.
663 1912 732 1938 item
752 1912 834 1938 aliter
851 1911 918 1938 iuno
938 1920 1000 1938 cum
1021 1910 1138 1937 uidisset
1157 1931 1162 1937 .
1179 1932 1184 1937 .
1200 1931 1206 1937 .
1227 1910 1372 1937 altissimis
1386 1918 1462 1937 mon-

182 1949 258 1976 tibus
278 1949 314 1983 F,
339 1950 387 1983 qui
406 1957 482 1975 error
501 1957 533 1975 ea
551 1957 580 1974 re
599 1951 745 1974 emcusatur
764 1948 835 1981 quod
854 1956 1009 1976 Taurumve
1030 1968 1036 1973 .
1056 1967 1062 1972 .
1083 1966 1088 1971 .
1108 1945 1253 1972 altissimis
1272 1945 1414 1972 montibus
1433 1947 1464 1972 in

181 1985 289 2018 dextro,
318 1984 454 2011 Serviana
482 1985 518 2011 ad
549 1984 641 2010 ‘sacra
668 1983 739 2010 man'
763 1983 864 2010 colitur
888 1983 996 2009 medio'
1023 1983 1054 2008 in
1077 1982 1189 2008 sinistro
1213 1982 1337 2015 maryi‘ne
1360 1982 1464 2015 scripta

181 2023 246 2046 sunt
263 2021 273 2054 ΙΙ
295 2023 309 2047 ’1
329 2029 398 2055 egeo
418 2020 482 2046 LH
506 2028 594 2054 aegeo
615 2020 651 2045 M
667 2020 676 2053 ΙΙ
697 2021 713 2045 8
733 2019 871 2045 Latonam
890 2027 940 2045 om.
962 2017 992 2044 F
1007 2019 1017 2052 ΙΙ
1038 2021 1053 2044 9
1073 2017 1195 2044 astarien
1215 2017 1246 2042 H
1264 2018 1273 2050 ΙΙ
1293 2016 1389 2043 uitiari
1409 2017 1439 2042 F
1455 2018 1464 2052 Η

180 2055 414 2118 {affuge}
427 2064 606 2125 ῖίᾎῖἱῖὲᾟῖ
618 2055 735 2117 ἓιὲξίξέἑῖ
749 2054 936 2123 1111911ᾏέ
948 2053 1110 2116 ''tssssomssffi
1118 2053 1221 2122 affl
1231 2052 1444 2122 ffli‘sssseeffi
1456 2055 1463 2099 1

182 2129 215 2153 15
235 2127 426 2161 insequeretur
447 2127 477 2153 F
488 2128 497 2160 ΙΙ
516 2127 661 2161 expulsam
683 2126 752 2152 ME
765 2127 774 2159 ΙΙ
794 2129 826 2151 16
846 2099 1015 2159 αρρὶίοξιιιᾱο
1035 2125 1192 2151 Masvicius
1206 2125 1215 2157 ss
1229 2132 1246 2150 a
1265 2132 1358 2150 sorore
1380 2124 1415 2150 M
1421 2124 1465 2150 El

184 2162 340 2189 Masvicius
353 2164 363 2198 [Ι
378 2166 409 2189 17
429 2162 542 2197 peperit
561 2183 566 2188 .
583 2183 588 2188 .
606 2183 611 2188 .
631 2161 791 2196 Apollinem
811 2169 861 2188 om.
878 2161 908 2187 F
919 2161 929 2195 ΙΙ
942 2160 1066 2195 phitone·
1078 2160 1103 2185 L
1126 2160 1248 2194 phetone
1264 2159 1297 2185 H
1318 2159 1463 2193 phythone

184 2198 220 2223 M
232 2199 290 2232 1120
309 2198 379 2225 haec
397 2207 516 2232 namque
532 2198 601 2224 Iuno
615 2197 707 2224 Diana
720 2197 887 2231 Proserpina
905 2197 1036 2230 mythoqr.
1053 2196 1074 2221 Ι
1090 2196 1160 2222 haec
1179 2203 1300 2228 namque
1315 2196 1360 2221 est
1375 2194 1464 2220 Diana

182 2233 262 2259 Luna
279 2233 445 2268 Proserpina
463 2234 594 2268 mythoyr.
615 2233 657 2259 II
669 2234 678 2267 ΙΙ
697 2236 729 2259 21
751 2232 908 2259 naturalem
928 2232 959 2258 F
974 2233 984 2266 [l
1002 2234 1035 2258 22
1054 2230 1084 2257 in
1104 2231 1211 2257 duabus
1230 2231 1255 2256 L
1269 2231 1278 2264 ΙΙ
1292 2230 1402 2265 insulis]
1422 2230 1463 2256 in-

182 2269 299 2303 singulis
323 2270 356 2296 Η
379 2270 390 2303 ΙΙ
417 2273 451 2296 24
474 2269 634 2296 labentibus
657 2269 788 2302 mythoyr.
810 2269 872 2294 III
897 2269 906 2301 ΙΙ
934 2267 1007 2294 sicut
1030 2289 1035 2294 .
1056 2288 1062 2293 .
1084 2288 1089 2293 .
1110 2266 1241 2300 credidit]
1267 2265 1464 2299 quaerentibus

183 2313 341 2338 erumpere,
367 2305 440 2332 sicut
462 2305 591 2332 Lucanus
614 2304 733 2331 credidit
755 2304 885 2337 mytleoyr.
909 2304 948 2329 II
966 2305 976 2337 11
994 2305 1027 2329 25
1048 2302 1178 2336 credidit]
1197 2301 1287 2336 petito
1308 2301 1343 2327 M
1349 2301 1392 2326 EI
1405 2302 1415 2334 ΙΙ
1429 2304 1461 2327 27

183 2339 295 2367 micono
314 2340 379 2366 LH
404 2349 540 2375 myconoc
562 2341 632 2368 ΜΕ
659 2340 767 2365 micone
787 2341 796 2365 l
814 2340 823 2373 ΙΙ
842 2341 875 2365 28
896 2338 1045 2365 tenuerunt
1064 2338 1094 2364 F
1110 2339 1119 2372 ΙΙ
1138 2338 1212 2371 quod
1232 2337 1315 2363 etiam
1337 2358 1342 2363 .
1363 2357 1368 2362 .
1390 2358 1395 2363 .
1416 2335 1463 2369 qui

182 2376 224 2402 est
243 2376 344 2410 Apollo
364 2385 413 2402 0111.
436 2376 466 2402 F

1486 716 1516 739 10

1484 983 1512 1006 15

1481 1250 1516 1272 20

1482 1517 1516 1540 25
