1630 2684
473 127 584 155 COMM.
604 127 644 154 IN
662 127 769 154 VERG.
790 126 873 154 AEN.
893 127 913 153 Ι.
935 130 1084 154 009-619.
1356 127 1415 158 181

228 211 303 242 617.
341 223 419 242 Νη·
440 222 509 242 affl
530 221 645 240 AENEAS
671 211 700 240 et
725 208 780 240 hoc
807 209 1043 250 admirativum,
1070 219 1133 240 uon
1160 210 1424 251 iuterroyattvmn.

139 263 221 296 ‘ille'
249 267 352 296 autem
377 263 502 295 honoris
529 265 584 301 est,
616 264 652 294 ut
678 262 731 294 sie
753 262 1023 303 Iuppiter'ille
1050 263 1231 304 mouebat,
1265 264 1309 295 cel
1337 263 1425 295 ‘tune

140 317 205 350 ille'
233 318 352 350 videtur
378 316 554 357 beneficium
583 316 707 348 Veneris
735 316 892 347 admirari
914 316 949 347 iu
972 326 1018 353 σο,
1046 326 1134 355 (ficem
1157 317 1347 348 adamatum
1370 319 1420 349 est.

227 379 411 403 DARDANIO
434 378 606 402 ANCHISAE
631 370 711 401 bene
733 369 899 401 Anchisen
923 368 1058 410 addidit,
1082 380 1120 400 ne
1143 370 1192 401 eui
1215 370 1325 401 diceret
1348 373 1422 401 esset

139 426 303 462 incertum,·
323 435 394 455 cum
414 423 526 454 multis
547 423 633 455 enim
650 422 761 455 Venus
782 423 963 454 concubuit.
993 422 1049 454 sed
1070 423 1233 454 sciendum
1250 423 1422 464 Anchisen,
1442 431 1456 454 5

136 481 173 511 ut
191 478 300 518 fabula
323 477 471 518 loquitur,
501 478 668 518 pastorem
691 477 791 508 fuisse
816 478 848 508 et
873 487 944 507 cum
968 487 1005 508 eo
1031 479 1140 508 amato
1163 476 1323 508 Venerem
1349 488 1421 508 con-

137 531 294 564 cubuisse.
340 530 422 562 unde
446 530 574 562 Aeneas
598 530 684 562 circa
709 529 833 562 Simoin
864 530 994 561 fluvium
1019 532 1115 562 natus
1140 532 1203 572 est3
1233 530 1310 562 deae
1336 530 1422 562 enim

136 585 186 618 vel
208 584 372 627 nymphae
397 584 563 616 enituntur
588 584 673 616 circa
692 584 807 615 fluvios
832 584 883 615 vel
908 595 1050 616 nemora.
1080 584 1164 626 quod
1189 595 1261 616 cum
1286 584 1422 616 iactaret

136 638 309 680 Anchises,
332 638 470 670 adflatus
494 637 631 669 fulmine
656 637 812 678 oculoque
835 636 981 678 privatus
1006 639 1064 669 est.

224 692 297 724 619.
336 705 474 724 ΤΕνσκνΜ
494 704 606 723 MEMINI
627 703 731 723 smoNA
761 703 868 723 VENIRE
895 691 1022 731 quidam
1052 690 1196 722 ‘memini
1217 691 1334 723 vmzire’
1360 703 1420 732 pro
1442 698 1473 721 10

134 745 277 778 ‘memini
298 745 430 778 veuisse'
453 746 616 786 accipiunt.
698 753 864 776 TEchvM
889 752 1019 776 SIDONA
1044 752 1172 775 VENIRE
1194 744 1334 776 historia
1358 745 1419 777 hoe

133 799 247 838 habet,
283 798 457 831 Herculem
495 810 567 830 cum
606 797 746 830 Colchos
784 798 848 830 iret
884 797 1011 839 perdito
1045 797 1148 840 Hyla,
1185 799 1239 838 qui
1270 801 1420 838 aquatum

126 850 295 894 profectus,
323 855 359 884 ut
384 853 493 892 fabula
522 853 670 893 loquitur,
697 862 717 883 a
744 851 889 892 nymphis
916 852 1083 884 adamatus
1109 854 1139 883 et
1164 854 1274 892 raptus
1301 855 1356 891 est,
1385 855 1420 884 ut

132 907 245 939 veritas
266 906 367 948 habet,
390 907 495 947 lapsus
518 906 552 937 iu
578 906 693 945 fontem
723 905 909 937 altissimum
932 907 1058 936 necatus
1081 908 1136 944 est,
1164 907 1241 946 post
1269 916 1418 948 peragra-

132 962 200 992 tam
234 959 376 1002 Mysiam
408 959 545 991 navibus
579 959 711 990 Troiam
745 959 879 990 venisse.
933 969 952 989 a
987 959 1075 990 cuius
1109 961 1207 1000 portu
1240 970 1312 990 cum
1345 970 1417 991 eum
1439 965 1471 989 15

132 1012 317 1046 Laomedon
341 1014 478 1054 arceret,
502 1012 625 1044 occisus
650 1014 713 1053 est,
737 1014 771 1043 et
795 1012 862 1044 eius
888 1012 955 1043 filia
979 1011 1125 1043 Hesiona
1149 1012 1226 1044 belli
1251 1012 1319 1044 iure
1344 1013 1417 1044 sub-

133 1067 203 1099 lata
236 1067 348 1099 comiti
378 1067 546 1099 Telamoni
574 1065 696 1097 tradita
724 1067 785 1106 est,
819 1065 874 1107 qui
902 1065 1026 1106 primus
1061 1066 1248 1097 ascenderat
1281 1077 1418 1108 murum,

133 1120 216 1153 unde
239 1120 362 1152 Teucer
386 1121 481 1151 natus
506 1121 568 1160 est3
597 1130 672 1151 nam
696 1118 831 1151 Aiacem
856 1129 893 1150 ex
924 1119 988 1150 alia
1015 1120 1144 1150 constat
1173 1130 1242 1150 esse
1271 1130 1416 1160 procrea-

133 1176 212 1206 tum.
228 1175 322 1209 ,tunc
344 1173 501 1205 Hercules
522 1173 687 1204 Priamum
714 1183 840 1214 quoque
864 1173 1067 1214 redemptum
1091 1184 1110 1204 a
1128 1173 1243 1204 vicinis
1267 1173 1417 1205 hostibus

131 1227 164 1259 in
196 1219 331 1268 paterno
367 1236 467 1268 reguo
501 1226 637 1258 locavit:
675 1225 756 1257 unde
791 1227 823 1257 et
855 1226 1003 1257 Priamus
1037 1226 1142 1258 dictus
1180 1228 1229 1258 est
1261 1223 1324 1258 ἀπὸ
1357 1228 1419 1259 τοῦ
1437 1233 1472 1256 20

131 1282 309 1322 πρίασθαι,
337 1279 370 1311 id
395 1281 444 1311 est
468 1279 540 1311 emi.
587 1280 726 1310 ceterum
756 1290 836 1320 quae
866 1279 904 1310 de
933 1279 1071 1311 liberata
1099 1279 1250 1311 dicuntur
1273 1279 1418 1313 Hesiona

131 1335 259 1366 constat
287 1323 361 1365 ‘esse
395 1333 555 1364 fabulosa.
603 1332 657 1364 sed
687 1332 809 1364 Teucer
837 1343 909 1364 cum
942 1333 1040 1364 Troia
1073 1344 1186 1365 eversa
1214 1333 1282 1365 sine
1315 1334 1417 1366 fratre

131 1389 217 1420 esset
244 1398 406 1428 reversus,
436 1386 491 1428 qui
520 1397 553 1418 se
577 1386 686 1418 furore
717 1388 849 1427 propter
877 1386 1004 1427 perdita
1033 1386 1168 1418 Achillis
1198 1398 1289 1418 arma
1317 1387 1416 1419 inter-

131 1443 266 1482 emerat,
298 1441 357 1482 vel,
387 1443 422 1472 ut
453 1440 580 1481 quidam
612 1440 730 1481 volunt,
762 1440 837 1480 quia
868 1450 931 1472 nou
964 1440 1139 1480 defenderat
1167 1441 1277 1472 Aiacis
1302 1441 1416 1481 fratris

129 1494 301 1535 interitum,
324 1497 359 1526 ut
381 1494 451 1535 alii,
474 1494 555 1534 quod
576 1503 644 1525 ossa
665 1493 778 1533 fratris
796 1503 859 1525 uon
877 1494 1053 1535 rettulisset,
1076 1496 1111 1525 ut
1133 1495 1307 1533 nonnulli,
1331 1497 1412 1535 quod
1430 1505 1463 1528 25

134 1547 321 1579 Tecmessam
353 1547 553 1579 concubinam
584 1547 630 1578 vel
662 1547 727 1578 etus
758 1547 871 1586 fratris
902 1547 1004 1587 fielium
1034 1548 1215 1589 Eurysacen
1248 1549 1291 1580 ad
1321 1559 1415 1580 avum

132 1601 301 1633 Telamona
327 1601 363 1633 de
393 1601 488 1632 Troia
515 1611 615 1632 secum
643 1610 705 1632 nou
738 1600 905 1638 reduxerit,
938 1601 1012 1640 quia
1045 1601 1097 1633 ille
1124 1602 1190 1633 alia
1217 1603 1291 1633 navt
1317 1605 1415 1634 vectus

201 1736 216 1760 2
236 1733 374 1768 Iuppiter]
394 1734 426 1760 A.
446 1733 498 1759 VII
519 1735 569 1759 110
597 1734 606 1767 11
634 1735 649 1758 5
670 1732 812 1758 sciendum
833 1754 838 1759 .
855 1754 860 1759 .
877 1754 882 1759 .
903 1733 1029 1766 privatus
1053 1734 1106 1768 est]
1134 1742 1220 1761 exscr.
1240 1735 1379 1775 mythogr.
1401 1738 1412 1762 Ι

130 1772 190 1796 217.
210 1769 235 1795 ΙΙ
256 1772 314 1796 195,
351 1769 385 1795 cf.
405 1769 483 1795 Luct.
503 1768 577 1794 Plac.
598 1768 634 1795 ad
654 1768 723 1794 Stat.
744 1768 830 1795 'lheb
851 1768 863 1793 Ι
883 1771 934 1794 575
962 1770 971 1802 11
1000 1772 1032 1794 10
1053 1769 1164 1802 quidam
1257 1770 1410 1805 accipiunt]

130 1804 163 1831 cf.
183 1805 253 1831 Don.
273 1805 308 1830 ad
329 1805 391 1831 Ter.
412 1804 496 1831 Andr.
508 1804 543 1866 kl.
562 1805 714 1837 5,181111
736 1803 855 1830 historia
874 1804 926 1830 1100
947 1804 1033 1830 habet
1051 1814 1073 1831 e.
1089 1813 1114 1838 q
1132 1805 1165 1840 s.]
1186 1806 1219 1833 cf.
1241 1806 1380 1840 mythogr.
1401 1808 1412 1833 Ι

132 1843 181 1867 136
201 1841 230 1867 et
249 1843 307 1866 138.
328 1840 352 1866 11
374 1843 431 1867 199.
465 1805 695 1866 Ι,111;Ι”10.0.Ιει(1
715 1839 784 1865 Stat.
804 1839 872 1865 Ach.
893 1840 905 1865 I
925 1842 975 1866 393

202 1969 214 1992 l
240 1965 277 1992 acl
300 1974 323 1991 v.
344 1967 395 1991 617
415 1965 493 1991 Tune
517 1964 566 1991 ille
585 1964 706 1998 Aeneas]
732 1965 761 1990 et
784 1964 837 1990 1100
856 1962 1066 1997 admiratiuum
1091 1974 1146 1991 non
1169 1965 1300 2000 interrog
1296 1967 1411 1994 utinum

130 2001 200 2028 bene
220 2000 361 2027 Anchisen
379 2000 465 2027 addit.
500 2009 563 2026 011111
583 1999 679 2026 multis
698 1999 849 2026 concubuit
866 2000 967 2026 Venus.
1003 1986 1099 2027 fabula
1118 2002 1210 2028 autem
1237 2002 1298 2029 hoc.
1309 2005 1412 2035 narrat

130 2037 271 2071 pastorem
292 2035 375 2063 fuisse
395 2035 527 2063 anchisen
547 2037 576 2062 et
599 2044 662 2062 cum
683 2043 715 2062 eo
736 2057 741 2062 .
763 2056 767 2061 .
790 2056 795 2061 .
815 2035 934 2061 adflatus
954 2037 996 2062 est
1014 2035 1139 2063 fulmine.
1163 2037 1189 2062 P
1209 2038 1218 2071 11
1241 2037 1300 2072 sed}
1328 2039 1357 2064 ct
1376 2039 1411 2065 1

130 2072 303 2106 Schoelliusn
322 2074 336 2098 7
357 2071 494 2098 simoenta
512 2072 538 2097 B
553 2072 562 2105 11
584 2075 599 2097 9
619 2071 738 2097 adflatus
757 2071 800 2096 est
819 2071 954 2104 oculoque
973 2071 1100 2105 priuatus
1117 2071 1192 2104 OM,
1210 2074 1257 2099 sea
1275 2074 1412 2114 oculoque

130 2107 256 2141 priuatus
276 2108 310 2134 0³
328 2108 360 2134 in
378 2115 463 2141 mare]
491 2107 501 2140 11
530 2110 562 2133 10
582 2107 619 2133 acl
637 2115 660 2133 υ.
682 2109 733 2132 619
753 2106 889 2132 seuerum
910 2106 1014 2133 Sidona.
1032 2107 1139 2142 uenire]
1165 2108 1277 2142 quidam
1298 2110 1412 2136 memini

130 2143 224 2169 uenire
243 2151 292 2177 pro
312 2142 427 2170 memini
445 2142 553 2169 uenisse
574 2141 723 2176 accipiunt.
756 2141 873 2168 historia
893 2143 987 2168 tamen
1006 2142 1059 2169 hoc
1078 2143 1184 2170 habet
1225 2144 1273 2170 .in
1293 2146 1410 2178 patemo

130 2178 242 2205 locauit.
266 2178 315 2205 sed
329 2178 436 2205 Teucer
456 2199 461 2204 .
473 2199 479 2205 .
491 2187 547 2205 ‚ex
565 2186 621 2212 qno
636 2177 708 2203 Dido
728 2178 827 2203 cuncta
847 2177 986 2211 cognouit.
1002 2178 1029 2203 P
1040 2178 1050 2212 11
1073 2189 1192 2205 T1-:vcnvu
1209 2190 1301 2205 »rmum
1319 2190 1414 2206 summu

130 2223 226 2240 vesum
240 2213 354 2248 quidam
369 2213 485 2240 memini
505 2234 510 2239 .
528 2235 534 2241 .
550 2236 555 2241 .
576 2213 726 2247 accipiunt.
755 2212 873 2239 historia.
887 2214 982 2239 tamen
997 2213 1050 2240 hoc
1065 2214 1150 2240 habet
1165 2215 1188 2241 C'
1199 2216 1208 2248 11
1224 2218 1256 2241 13
1272 2217 1303 2241 ut
1317 2216 1413 2242 fabula

130 2248 254 2282 loquitur
272 2257 321 2276 om.
342 2249 369 2275 P
383 2250 392 2283 11
416 2250 445 2276 et
463 2258 512 2276 om.
533 2249 560 2275 P
575 2250 584 2282 11
605 2252 636 2275 14
657 2248 711 2283 est]
732 2249 760 2274 et
776 2248 799 2274 C
817 2249 826 2282 11
849 2251 881 2274 18
901 2248 971 2275 inde
985 2248 1008 2275 0
1026 2250 1065 2282 (et
1082 2249 1146 2276 inde
1163 2250 1203 2276 0³
1223 2253 1253 2276 ut
1271 2252 1388 2283 videtur)

131 2285 211 2310 natus
235 2286 278 2311 est
296 2285 403 2311 Teucer
420 2285 492 2311 ΒΜ
517 2286 527 2319 11
555 2288 587 2311 21
608 2293 732 2310 πΡιΑστΑι
752 2283 821 2309 ΒΜ
850 2293 903 2310 mm
925 2284 947 2310 G
965 2284 975 2318 11
1003 2287 1036 2311 24
1061 2286 1092 2311 ut
1115 2285 1229 2319 quidam
1254 2286 1362 2320 volunt]
1383 2288 1414 2312 nt

131 2319 181 2345 alii
199 2319 260 2354 Pu
270 2323 305 2346 24
323 2320 393 2347 iacis
413 2320 436 2347 O
453 2321 532 2353 (corr.
554 2320 598 2353 02)
617 2321 626 2353 11
649 2322 682 2345 25
702 2320 734 2345 ut
753 2318 802 2345 alii
822 2319 908 2359 quod]
929 2320 973 2345 uel
994 2320 1060 2354 quia
1080 2321 1126 2354 Ρ11
1140 2321 1279 2347 retulisset
1297 2321 1369 2355 οΡ11
1383 2323 1415 2348 ut

132 2355 259 2381 nonnulli
279 2376 284 2381 .
302 2376 307 2381 .
324 2376 329 2381 .
349 2356 533 2382 concubinam
552 2364 602 2382 om.
622 2355 649 2380 1²
664 2356 673 2389 11
695 2358 728 2380 26
749 2354 910 2381 tecmissam
930 2355 953 2382 0
969 2357 978 2389 11
998 2364 1167 2389 eurysacena
1187 2356 1241 2382 01²
