1722 2670
480 126 593 154 COMM.
612 126 778 155 IN'VERG.
798 127 882 155 AEN.
901 128 947 154 III.
968 131 1118 155 331—333.
1371 129 1436 160 401

157 208 344 250 Aesculapio
367 219 443 241 aras
464 209 608 250 Apollini
629 211 761 241 statutas
785 208 937 249 ‘patrias'
960 210 1146 242 nominatas.
1191 210 1250 242 alii
1272 210 1306 242 in
1330 211 1438 251 templo

158 262 319 303 Apollinis
341 263 448 295 cluunt
468 273 559 294 aram
585 263 684 303 fuisse
709 263 892 303 inscriptam
915 264 1123 311 HATPIQY
1144 265 1441 295 ΑΠΟΛΛῼΝΟΣ

158 316 197 348 ab
219 316 283 355 hoc,
305 317 388 357 quod
407 316 549 355 Icadius,
572 316 732 357 Apollinis
754 319 783 348 et
803 316 919 357 Lyciae
941 316 1095 357 nymphae
1116 317 1210 358 filius,
1233 327 1302 348 cum
1326 318 1360 349 in
1383 318 1437 350 ad-

156 369 256 402 ultam
283 372 412 402 aetatem
438 370 580 408 venisset,
610 370 715 410 primo
747 370 900 410 reyionem
927 370 961 402 in
990 380 1052 410 qua
1079 372 1173 401 natus
1200 373 1267 402 erat
1293 382 1314 402 a
1340 374 1438 403 matre

156 423 287 464 Lyciam
309 423 489 465 nominavit,
513 423 620 455 deinde
643 425 677 455 in
700 433 736 455 ea
758 423 863 455 urbem
882 423 1026 464 Apollini
1049 424 1191 461 condidit,
1214 426 1308 456 sortes
1331 427 1359 456 et
1377 436 1438 456 cor-

158 477 260 509 tinam
281 477 471 518 consecravit,
494 479 530 515 et,
553 479 588 508 ut
610 477 700 508 illum
717 479 841 517 patrem
864 487 926 509 esse
950 479 1118 519 testaretur,
1142 477 1264 509 Patara
1287 479 1438 518 coynomi-

157 530 254 562 navit.
299 530 370 562 inde
392 540 461 562 cum
484 530 616 562 Italiam
633 532 761 570 peteret,
783 531 952 572 naufraqio
975 533 1101 563 vexatus
1124 531 1262 571 delphini
1286 533 1365 572 teryo
1389 542 1438 563 ex-

157 586 258 624 ceptus
279 584 392 615 dicitur
414 593 451 615 ac
467 594 565 624 prope
588 583 770 616 Parnasum
798 587 929 616 montem
952 585 1071 616 delatus
1089 585 1179 625 patri
1201 584 1346 626 Apollini
1369 588 1438 617 tcm-

152 637 245 678 plum
267 637 456 669 constituisse
480 639 511 668 et
530 647 551 668 a
573 636 715 677 delphino
740 637 838 669 locum
861 637 997 678 Delphos
1024 638 1205 679 appellasse,
1234 648 1309 670 aras
1331 639 1439 671 deinde

156 689 300 731 Apollini
323 693 482 731 tamquam
498 691 590 731 patri
612 700 812 732 consecrasse,
840 701 918 732 quas
942 692 1050 731 ferunt
1075 691 1164 732 vulco
1181 692 1307 732 patrias
1330 693 1437 724 dictas.

157 742 230 775 hinc
252 753 320 784 erqo
344 746 372 775 et
393 743 572 784 delphinum
595 743 687 775 aiunt
708 744 789 776 inter
811 754 902 776 sacra
915 744 1074 785 Apollinis
1092 747 1260 785 receptum;
1284 746 1371 778 cuius
1394 747 1439 778 rei

152 797 315 838 vestiqium
346 799 391 829 est
422 798 503 838 quod
532 797 676 837 hodieque
707 798 1019 838 quindecimvirorum
1051 798 1179 830 cortinis
1210 798 1372 839 delphinus
1405 800 1439 831 in

155 860 274 883 summo
294 851 423 891 ponitur
445 853 474 882 et
489 851 594 891 pridie
617 861 711 891 quam
733 851 920 892 sacrificium
937 852 1067 891 faciunt,
1092 852 1173 883 velut
1189 852 1359 893 symbolum
1378 853 1438 884 del-

149 903 270 944 phinus
292 904 515 945 circumfertur,
538 905 573 936 ob
596 904 651 936 hoc
672 904 792 943 scilicet,
815 905 890 945 quia
912 905 1147 945 quindecimviri
1171 905 1319 938 librorum
1338 906 1438 948 Sibyl-

156 957 294 989 linorum
324 959 398 989 sunt
429 958 593 996 antistites,
626 957 746 999 Sibylla
777 960 880 990 autem
913 958 1073 999 Apollinis
1104 961 1187 991 vates
1219 962 1247 991 et
1278 960 1439 1000 delphinus

154 1010 301 1051 Apollini
327 1020 413 1042 sacer
440 1013 492 1043 est.
538 1012 694 1043 invenitur
726 1014 829 1043 tamen
861 1013 947 1053 apud
974 1012 1176 1053 Cornificium
1198 1012 1355 1055 Lonyum,
1383 1014 1439 1045 Ia-

150 1065 264 1106 pydem
286 1066 315 1096 et
336 1063 481 1096 Icadium
498 1065 651 1106 profectos
673 1075 694 1096 a
708 1064 799 1097 Creta
821 1066 856 1097 in
879 1066 1015 1097 diversas
1037 1066 1173 1106 reqiones
1196 1067 1319 1108 venisse,
1343 1067 1437 1108 Iapy-

155 1118 222 1149 dem
244 1118 288 1150 ad
305 1117 445 1160 Italiam,
469 1118 613 1150 Icadium
635 1128 705 1150 vero
728 1119 801 1150 duce
824 1119 964 1160 delphino
988 1120 1031 1151 ad
1048 1121 1180 1151 montem
1200 1119 1388 1159 Parnasum,
1412 1123 1440 1152 et

154 1181 176 1202 a
198 1172 272 1203 duce
283 1170 420 1212 Delphos
442 1172 679 1213 coynominasse,
703 1174 732 1203 et
753 1172 788 1204 in
811 1173 992 1204 memoriam
1012 1173 1119 1213 gentis,
1143 1183 1180 1204 er:
1203 1183 1265 1213 qua
1285 1174 1438 1214 profectus

154 1227 233 1266 erat,
260 1225 446 1257 subiacentes
468 1235 592 1266 campos
615 1224 756 1258 Crisaeos
778 1226 824 1258 vel
848 1225 987 1258 Cretaeos
1010 1226 1192 1268 appellasse,
1220 1229 1249 1258 et
1270 1237 1345 1259 aras
1369 1238 1437 1259 con-

154 1278 298 1311 stituisse.

243 1331 317 1364 333.
354 1344 482 1365 annom
516 1342 600 1364 more
627 1333 718 1364 veteri
740 1343 801 1373 pro
831 1332 933 1366 ‘data’
958 1334 1170 1374 accipiendum
1193 1337 1252 1366 est:
1282 1333 1345 1366 ‘re'
1369 1345 1437 1376 erqo

152 1385 298 1429 abundat.
344 1385 472 1417 Ennius
494 1387 662 1418 annalibus
688 1387 736 1418 ad
762 1387 833 1418 illa
862 1388 1011 1419 reddita
1039 1390 1205 1429 nuptam,
1238 1390 1266 1419 et
1287 1388 1364 1420 alibi
1386 1389 1436 1420 is-

154 1449 221 1480 que
242 1439 320 1471 dies
338 1441 423 1479 post
444 1441 510 1470 aut
530 1439 685 1472 Marcus
707 1451 814 1481 quam
837 1451 951 1481 reyna
974 1442 1112 1484 recepit
1128 1452 1189 1482 pro
1212 1443 1334 1482 accepit.
1380 1445 1437 1474 aut

155 1491 316 1531 ‘reddita',
339 1493 421 1532 quod
441 1492 561 1525 Heleno
584 1494 745 1525 debebatur
768 1495 941 1535 imperium.
1037 1503 1155 1527 cnssrr
1180 1504 1265 1527 PARS
1291 1504 1435 1528 HELENO

156 1557 214 1587 per
236 1546 433 1587 privignum,
455 1548 493 1578 ul:
516 1546 654 1578 diximus
679 1547 796 1589 (297)

226 1654 259 1678 23
279 1652 386 1679 Ennius
405 1651 566 1687 annalibus]
586 1653 607 1687 Ι,
626 1652 688 1679 XLI
707 1661 751 1687 ap.
771 1652 854 1680 Vahl.
869 1654 878 1688 ΙΙ
893 1654 922 1680 et
941 1653 1021 1689 alibi]
1042 1662 1104 1681 ann.
1125 1654 1160 1688 ΙΙ,
1179 1653 1270 1681 XVIII
1290 1663 1333 1689 ap.
1353 1654 1436 1682 Vahl.

224 1752 240 1776 2
259 1758 375 1776 nai-1²10!
393 1758 553 1777 anomouoc
573 1750 604 1776 F
630 1759 747 1778 warrior
767 1759 928 1778 anomouoc
950 1751 975 1777 T
992 1752 1002 1785 ll
1021 1755 1036 1778 3
1055 1751 1161 1779 ieadios
1181 1753 1211 1779 F
1231 1753 1240 1786 ΙΙ
1266 1753 1375 1787 nyphae
1395 1753 1436 1788 ly-

153 1793 219 1819 oyae
239 1784 270 1811 F
295 1784 378 1812 liciae
397 1786 530 1820 nimphae
551 1786 576 1812 T
593 1787 602 1820 ΙΙ
621 1789 636 1812 5
656 1786 740 1813 licien
762 1786 792 1813 F
803 1788 812 1821 ΙΙ
830 1787 927 1814 urbem
946 1795 1056 1821 quoqne
1076 1788 1179 1814 Daniel
1193 1789 1202 1822 ΙΙ
1221 1793 1236 1815 6
1255 1789 1358 1816 Patora
1376 1789 1435 1816 Da-

152 1820 209 1847 niel
221 1821 231 1855 ss
250 1823 264 1847 7
286 1820 396 1855 fifragio
417 1821 448 1847 F
459 1822 468 1855 [1
489 1821 623 1855 delphyni
643 1822 674 1847 F
685 1823 694 1856 ΙΙ
714 1825 729 1848 9
749 1831 766 1849 a
785 1831 834 1849 om.
856 1822 886 1848 F
897 1823 906 1856 ΙΙ
926 1822 1063 1856 apellasse
1082 1823 1113 1849 F
1124 1824 1134 1857 n
1149 1827 1181 1850 10
1201 1823 1295 1850 ferunt
1312 1833 1361 1851 om.
1382 1825 1412 1850 F
1428 1825 1435 1859 Η

154 1859 186 1883 11
206 1856 298 1891 sacra]
319 1858 429 1883 saerata
450 1857 554 1883 Daniel
567 1858 576 1891 11
592 1861 624 1884 12
644 1857 791 1892 delphinos
811 1858 841 1884 F
852 1859 862 1892 11
876 1858 904 1884 in
924 1867 1031 1885 summo
1051 1859 1154 1886 honore
1174 1859 1288 1893 ponitur
1306 1860 1410 1887 Daniel
1428 1866 1430 1896 ς

157 1895 190 1919 13
209 1892 299 1926 pridie
319 1901 404 1926 quum
423 1892 606 1919 Burmannus
625 1896 649 1919 et
663 1893 737 1919 Lion
751 1895 760 1927 ΙΙ
774 1893 880 1920 faciant
894 1894 925 1919 F
937 1894 946 1927 ΙΙ
962 1897 994 1920 14
1013 1894 1208 1928 sybillinorum
1227 1898 1251 1922 et
1269 1895 1371 1929 sybilla
1386 1896 1416 1921 F
1427 1898 1435 1930 ᾖ,

156 1930 189 1954 15
209 1927 325 1954 delfinos
340 1928 391 1961 Fss
408 1931 439 1954 16
456 1927 618 1955 Cornificius
636 1929 737 1963 longus
757 1929 797 1956 ait
815 1929 956 1963 Iaspidem
974 1930 1003 1956 et
1017 1930 1152 1957 lcaolium
1167 1930 1308 1965 profectos
1323 1939 1340 1957 a
1354 1931 1436 1958 Creta

154 1963 184 1989 in
203 1963 327 1990 diuersas
346 1963 474 1998 regiones
492 1964 601 1990 uenisse
620 1964 745 1998 Iapidem
765 1965 800 1991 ad
816 1964 927 1991 Italiam
943 1965 1078 1992 Icaolium
1097 1974 1164 1992 uero
1184 1966 1253 1993 duce
1272 1966 1380 1993 Delfino
1400 1968 1436 1994 ad

157 2000 281 2025 montem
300 1999 468 2026 Parnassum
495 2001 524 2026 et
549 2008 566 2026 a.
584 2000 660 2026 Duce
679 2000 803 2034 Delphos
830 2001 987 2027 nominasse
1015 2003 1044 2028 et
1061 2001 1090 2027 in
1109 2002 1272 2029 memoriam
1291 2002 1383 2037 gentis
1403 2012 1436 2030 ex

154 2034 461 2097 233221535552325353,
467 2035 642 2105 Ἳῖἳὲἃὲἓῗιξε
651 2035 984 2106 εῗῗέἒὲἓῑῖἓεῗῗιὲῗ
998 2036 1289 2100 ῗέἓὲἳῖἶῗὲἒέὲὲῗὲ
1308 2040 1435 2100 ῗέῃὲΐῗῗ

155 2108 188 2132 18
208 2105 273 2132 duci
292 2105 323 2132 F
338 2107 348 2140 ss
367 2109 400 2132 20
419 2108 448 2133 et
466 2115 515 2133 om.
535 2080 566 2132 ΞΡ
582 2107 592 2141 ΙΙ
610 2110 643 2133 23
664 2107 792 2133 analibus
811 2107 842 2133 F
876 2107 905 2134 in
925 2108 1080 2134 Annalibus
1099 2108 1203 2135 Daniel
1226 2110 1235 2143 ΙΙ
1255 2082 1356 2135 utgilla
1374 2100 1434 2136 redss

155 2140 216 2167 dita.
234 2142 352 2175 nuplaum
370 2142 475 2168 Daniel
501 2143 534 2168 ul:
553 2142 604 2169 Ilia
623 2142 733 2169 reddita
752 2144 871 2177 nuptum
891 2143 1071 2170 C'ommelinus
1084 2144 1093 2178 ΙΙ
1108 2147 1142 2170 24
1160 2145 1285 2179 recoepit
1304 2145 1333 2170 F
1355 2145 1433 2179 isque

156 2176 216 2202 dies
239 2178 388 2210 postquam
410 2178 503 2204 Ancus
528 2178 649 2205 Marcius
672 2187 760 2212 regna
782 2178 889 2212 recepit
911 2179 949 2206 H.
969 2179 1107 2214 Ilberyius
1133 2180 1142 2214 ΙΙ
1169 2188 1219 2214 pro
1239 2180 1357 2214 accepit.
1386 2182 1435 2207 aut

156 2211 299 2246 ‘reddita’,
322 2212 398 2246 quod
416 2213 522 2240 Heleno
543 2213 697 2240 debebatur
715 2214 732 2240 i.
759 2214 909 2241 Vahlenus:
928 2215 957 2241 elz
975 2223 1026 2249 pro
1045 2219 1161 2250 accepta
1180 2218 1212 2242 ut
1230 2216 1341 2242 reddita
1360 2216 1434 2250 quod

152 2247 253 2274 heleno
268 2247 387 2274 debatur
400 2248 418 2275 i.
429 2249 460 2275 F
476 2249 612 2276 debeatur
627 2249 662 2276 F.
673 2249 824 2277 Schoellius
837 2250 847 2284 ΙΙ
861 2253 894 2276 25
914 2260 1028 2277 numum
1043 2259 1098 2284 quo
1114 2251 1195 2278 modo
1209 2251 1351 2284 ‘reddita’‚
1371 2260 1434 2277 cum

158 2283 268 2310 constet
285 2283 423 2310 Helenum
440 2284 525 2311 fuisse
545 2285 694 2311 Troianum
713 2293 764 2312 nec
783 2285 817 2312 de
837 2286 955 2312 Graecia.
972 2286 1060 2313 ullam
1079 2286 1206 2313 habuisse
1227 2287 1354 2320 partem?
1373 2286 1434 2313 red-

154 2318 219 2345 dere
244 2319 339 2346 autem
362 2320 406 2346 est
428 2320 524 2347 daiam
543 2320 675 2355 recipere.
709 2320 826 2348 solvitur
844 2321 895 2348 sic:
919 2321 1028 2349 reddita
1046 2322 1076 2348 id
1095 2324 1137 2349 est
1154 2322 1230 2348 data.
1261 2322 1351 2348 Cessit
1368 2330 1435 2356 ergo

154 2362 219 2388 pars
238 2353 345 2381 Heleno
364 2363 414 2389 per
433 2355 593 2394 privignum
611 2357 643 2382 ut
662 2356 781 2383 diximus
801 2357 830 2383 D
843 2358 853 2391 ΙΙ
867 2360 901 2384 26
920 2357 1051 2392 diximus]
1071 2366 1154 2392 supra
1173 2358 1236 2384 add.
1257 2358 1311 2384 Me

209 2403 283 2423 Servii
296 2409 376 2424 comm.
392 2405 443 2425 VoL
457 2405 476 2424 Ι.
491 2405 556 2427 Fuso.
571 2406 590 2425 1.
1188 2405 1222 2427 26

1459 698 1491 722 10

1459 966 1491 989 15

1457 1233 1491 1256 20

1456 1501 1489 1524 25
