1630 2684
460 149 574 178 COMM.
594 150 633 177 IN
653 150 760 178 VERG.
781 150 864 177 AEN.
883 151 918 179 ΙΙ.
938 155 1087 180 267-276.
1347 154 1412 185 265

133 230 197 262 erit
224 231 390 272 synizesis.
484 239 572 263 EccE
600 231 662 263 hac
689 232 852 273 particula
881 233 1003 265 utimur
1031 234 1181 276 quotiens
1209 235 1411 276 repentinum

128 283 252 325 aliquid
276 284 424 317 volumus
448 284 604 326 indicare,
627 286 664 317 ut
683 285 769 327 <57>
793 296 878 318 ecce
902 297 1034 319 manus
1058 287 1234 320 iuvenem
1257 288 1412 321 interea

127 338 218 378 post
241 338 355 379 terga
376 337 603 371 revinctum.
649 349 720 380 erqo
744 338 837 371 ‘ecce'
860 340 959 372 subito
982 343 1033 372 est.

216 390 291 423 271.
327 398 426 423 VIsvs
450 399 582 424 ADESSE
606 392 689 425 bene
709 392 841 434 ‘visus'‚
865 393 940 434 quia
959 394 1086 426 somnia
1105 395 1255 427 videntur
1275 397 1411 437 tantum,

55 439 57 441 ’
94 450 98 451 ’
127 453 195 475 non
226 445 301 475 sunt
333 444 527 477 naturaliter
558 456 644 478 vera.
694 446 781 488 quod
813 448 923 479 autem
952 447 1051 488 paulo
1084 449 1159 489 post
1192 448 1271 480 dicit
1304 449 1411 490 <297>
1431 457 1446 480 5

128 495 249 529 effert
279 497 549 538 penetralibus
585 498 712 540 ignem
742 499 964 532 confirmantis
996 502 1060 533 est:
1090 511 1167 533 nam
1196 501 1276 533 illud
1301 513 1411 534 verum

116 549 230 595 Vfuisse
253 551 426 583 contendit.

216 603 291 636 272.
328 613 511 637 RAPTATVS
543 605 785 647 frequentativo
818 606 937 648 utitur,
969 609 1006 638 ut
1038 618 1137 649 supra
1164 608 1201 649 <1
1225 609 1321 650 483>.

66 644 73 664 ι’
128 659 291 698 nam-arm]
315 659 351 691 id
371 661 417 691 est
439 661 562 692 tractas.
613 685 619 689 .
643 668 737 692 BIGIS
763 660 938 692 secundum
963 662 1066 692 artem
1090 662 1185 693 modo
1210 662 1305 702 dixit,
1330 673 1423 704 quae„

129 711 244 754 exigit,
270 713 308 744 ut
335 723 416 754 quae
446 712 485 744 de
512 712 662 754 pluribus
686 714 840 744 constant
866 713 987 754 plurali
1016 715 1144 746 tantum
1168 726 1302 747 numero
1326 716 1409 747 dica·
1432 723 1463 746 10

129 775 214 807 mus,
236 766 273 796 ut
295 765 404 807 bigas,
429 765 618 808 quadrigas,
642 777 788 808 mappas.
834 767 890 798 sed
913 766 992 798 haec
1021 767 1209 809 plerumque
1235 769 1411 809 corrumpit

129 818 320 860 auctoritas,
347 820 384 850 ut
411 819 568 851 Horatius
595 830 641 851 ne
670 820 826 851 sordida
853 831 999 861 mappa.
1050 820 1130 852 item
1160 821 1283 853 Statius
1311 822 1410 853 rori-

129 872 212 904 fera
235 872 660 914 gelidum'tenuaverat
684 884 774 919 aera
797 873 897 915 biga.

217 925 293 958 273.
330 934 526 958 TRAIECTVS
550 935 644 958 LORA
667 926 806 959 traiecta
830 927 902 959 lora
924 927 1062 969 habens,
1085 930 1121 960 ut
1142 927 1178 968 <Ι
1202 928 1288 970 320>
1311 930 1411 960 nuda

125 988 235 1020 yenu.
800 992 804 995 ’
1431 988 1463 1012 15

217 1033 292 1065 274.
328 1042 365 1065 m
397 1042 478 1065 mm
510 1033 609 1065 Ennii
641 1045 762 1066 versus.
815 1036 844 1066 et
875 1036 970 1065 totum
999 1035 1200 1076 iungendum,
1232 1046 1270 1067 ne
1297 1036 1412 1068 doloris

128 1086 323 1119 distinctione
343 1087 502 1128 friqescat,
524 1087 603 1119 sicut
620 1079 771 1127 plurimis
793 1087 976 1119 doctissimis
998 1088 1098 1119 visum
1121 1090 1172 1120 est.

218 1139 293 1180 275.
330 1137 482 1183 axvviAs
507 1149 660 1172 mnvrvs
685 1148 848 1172 Acnlnms
876 1140 931 1171 hoc
953 1143 997 1172 est
1018 1151 1111 1173 arma
1133 1152 1212 1182 quae
1234 1143 1328 1174 occiso
1351 1142 1412 1173 Pa-

33 1184 49 1194 ³
65 1206 75 1217 ⁵
129 1193 221 1226 troclo
250 1194 377 1235 ademit,
407 1185 502 1234 qua?
514 1194 671 1227 Vulcanus
700 1193 790 1225 Peleo
818 1193 939 1234 fecerat.
993 1194 1112 1226 celavit
1141 1197 1243 1227 autem
1274 1197 1412 1226 mortem

129 1247 275 1280 Patrocli
298 1246 339 1279 ad
357 1247 462 1279 laudis
482 1250 702 1289 augmentum.
739 1246 905 1279 ‘indutus'
925 1249 1034 1279 autem
1054 1248 1238 1280 accusativo
1258 1248 1410 1290 iungitur,
1430 1255 1464 1278 20

129 1302 167 1333 ut
189 1300 251 1332 hoc
275 1300 361 1342 loco,
385 1302 431 1342 et,
458 1302 496 1332 ut
519 1300 624 1342 magis
653 1300 687 1332 in
714 1311 776 1331 usu
800 1301 863 1341 est,
891 1300 1043 1342 septimo,
1072 1311 1136 1342 quo
1164 1311 1250 1332 nunc
1277 1301 1411 1333 utimur:

130 1355 224 1386 utin
245 1355 359 1386 decimo
382 1354 490 1396 <774>
513 1354 718 1395 praedonis
745 1363 895 1394 corpore
922 1354 1044 1394 raptis
1070 1354 1241 1386 indutum
1269 1355 1411 1395 spoliis.

130 1407 300 1440 ‘exuvias'
325 1411 434 1440 autem
458 1408 594 1439 dicimus
618 1403 753 1439 numero
777 1408 906 1438 tantum
930 1407 1059 1448 plurali.

219 1459 292 1494 276.
335 1469 510 1494 PHRYGIOS
548 1469 652 1493 IGNES
689 1460 837 1492 flammas
873 1460 1046 1502 Troianas,
1083 1461 1201 1502 quibus
1237 1461 1412 1493 Protesilai

130 1516 223 1548 navis
246 1515 379 1547 incensa
403 1517 460 1547 est.
497 1517 616 1547 constat
636 1515 719 1546 enim
736 1524 829 1546 naves
847 1513 1036 1546 Graecorum
1057 1514 1196 1555 flammis
1218 1517 1410 1556 ommynatas
1429 1521 1463 1544 25

129 1569 169 1602 ab
191 1569 329 1602 Hectore.
419 1581 563 1601 Pvm’mvs
578 1579 640 1609 pro
663 1569 698 1600 in
716 1577 843 1608 puppes.

133 1728 144 1755 I
165 1731 179 1755 ⁷
203 1696 235 1719 12
254 1692 399 1755 ΗνοΕἯίιιε]
420 1700 463 1726 ep.
484 1691 496 1718 Ι
516 1694 544 1725 5,
565 1695 598 1718 22
623 1692 633 1726 ΙΙ
661 1691 780 1726 Statius]
801 1691 887 1718 Theb.
908 1691 920 1717 1
941 1693 991 1718 138
1015 1692 1024 1725 ΙΙ
1049 1694 1081 1718 16
1105 1690 1188 1717 Ennii
1213 1692 1321 1727 versus]
1347 1700 1410 1718 ann.

199 1737 243 1763 ap.
341 1749 347 1754 .

207 1847 220 1870 1
244 1843 377 1878 syuizesis
396 1843 439 1869 H.-
468 1842 612 1877 synzeuxis
634 1842 658 1869 C'
682 1842 812 1869 sinezesis
830 1842 856 1868 L
884 1842 1034 1869 sinizicesis
1055 1842 1092 1868 M
1118 1841 1241 1869 siuizesis
1262 1842 1293 1868 E
1314 1843 1323 1876 ΙΙ
1346 1845 1362 1869 2
1382 1843 1413 1869 ut

134 1887 198 1907 ecce
218 1900 224 1906 .
241 1900 247 1907 .
263 1901 269 1907 .
289 1879 445 1906 revinctum
464 1886 514 1906 om.
531 1878 555 1905 0
566 1879 576 1912 ss
589 1878 721 1905 iuuenum
737 1878 807 1904 LM
810 1878 841 1904 E
853 1879 862 1912 ΙΙ
877 1881 892 1905 6
911 1877 1131 1912 penetrabilibus
1148 1877 1239 1904 OLH
1250 1879 1328 1910 (corr.
1345 1878 1390 1911 0²)
1405 1878 1413 1908 ’ᾗ

135 1918 152 1942 8
170 1915 207 1942 ad
225 1923 249 1942 v.
269 1918 321 1942 272
346 1914 496 1948 Raptatus]
521 1913 728 1948 frequentatiuo
751 1913 852 1947 utitur,
875 1914 908 1940 ut
930 1921 1027 1947 supra,
1051 1913 1081 1939 id
1105 1914 1148 1939 est
1170 1914 1283 1939 tractus.
1320 1912 1411 1948 Bigis]

134 1950 285 1978 secundum
303 1951 394 1977 artem
413 1949 485 1976 dixit
504 1971 510 1976 .
526 1971 532 1976 .
548 1971 554 1976 .
573 1949 738 1984 plerumque
757 1948 912 1983 corrumpit
933 1950 965 1975 ut
985 1949 1044 1981 (sic)
1063 1948 1224 1975 auctoritas.
1250 1948 1277 1974 P
1298 1949 1307 1982 ΙΙ
1330 1957 1414 1983 supra

135 1985 196 2013 ‘ter
222 1986 327 2013 circum
351 1985 450 2012 Iliacos
474 1986 636 2019 raptaverat
658 1985 781 2011 Hectora
803 1984 923 2011 muros'.
947 1984 977 2009 D
999 1985 1009 2018 fl
1033 1987 1066 2010 10
1094 1992 1209 2010 numero
1238 1983 1366 2011 dicantur
1392 1984 1415 2011 0

135 2021 264 2048 dicantur
281 2029 397 2048 numero
418 2021 446 2047 P
458 2022 467 2055 ΙΙ
483 2024 513 2047 11
534 2021 566 2047 ut
585 2028 634 2047 om.
657 2019 680 2047 0
695 2020 725 2046 in
746 2020 773 2045 P
785 2021 794 2054 ΙΙ
807 2019 937 2054 mappas]
957 2027 1054 2053 pamas
1076 2019 1103 2044 1’
1114 2021 1124 2053 fl
1138 2019 1187 2046 sed
1205 2020 1274 2046 haec
1293 2028 1343 2046 om.
1363 2019 1391 2045 P
1406 2042 1412 2054 ff

136 2057 189 2084 hoc
208 2057 231 2084 G
243 2058 253 2091 ΙΙ
272 2060 304 2083 13
324 2065 390 2084 aera
408 2065 441 2083 ex
460 2064 542 2083 acera
563 2056 586 2082 Ο
602 2056 611 2089 ΙΙ
630 2058 664 2082 14
683 2056 720 2082 ad
738 2064 763 2083 v.
782 2059 834 2082 273
853 2058 877 2081 et
896 2058 948 2081 274
967 2054 1111 2081 Traiectus
1130 2055 1202 2089 lora]
1221 2054 1342 2081 traiecta
1361 2077 1366 2082 .
1383 2076 1389 2082 .
1406 2075 1411 2081 .

135 2091 275 2126 frigescat.
295 2092 343 2127 Pu
359 2095 391 2119 16
407 2091 472 2119 enni
488 2094 515 2118 H
528 2093 538 2126 ss
551 2100 648 2118 uersus
663 2090 739 2118 ennii
754 2091 790 2117 M
802 2092 812 2125 ΙΙ
827 2093 860 2117 18
875 2091 912 2117 ad
925 2099 949 2116 v.
965 2093 1016 2117 275
1031 2090 1153 2116 Exuuias
1168 2090 1281 2117 indutus
1295 2090 1412 2124 Achilli]

136 2127 189 2154 hoc
208 2129 252 2155 est
270 2150 276 2155 .
293 2149 299 2155 .
315 2149 322 2155 .
341 2127 455 2154 ademit.
494 2126 638 2153 ‘indutus'
665 2127 759 2153 autem
778 2126 940 2153 accusatiuo
958 2125 1094 2160 iungitur,
1118 2125 1167 2152 sed
1186 2126 1274 2160 magis
1293 2125 1413 2160 septimo

35 2151 43 2179 '.
92 2190 94 2193 ,
137 2171 216 2197 casu,
234 2164 267 2190 ut
284 2163 314 2189 in
331 2163 441 2190 decimo
461 2184 466 2189 .
483 2185 489 2190 .
505 2184 511 2189 .
532 2162 637 2197 spoliis.
667 2161 813 2188 ‘exuuias'
834 2163 944 2188 tantum
962 2169 1078 2187 numero
1097 2161 1200 2195 plurali
1218 2161 1344 2188 dicimus.
1365 2161 1393 2187 P
1405 2161 1414 2195 Η

137 2207 241 2225 mmai
262 2198 285 2226 0
300 2199 310 2233 ΙΙ
328 2199 371 2225 est
389 2207 439 2225 om.
461 2198 484 2224 C'
501 2199 575 2232 (add.
597 2198 645 2231 0²)
668 2199 678 2232 ss
701 2200 735 2223 20
753 2198 869 2230 fortasse
887 2198 981 2224 autem
1001 2197 1030 2223 et
1047 2197 1209 2224 accusatiuo
1229 2199 1238 2231 ΙΙ
1261 2200 1293 2223 21
1315 2198 1344 2223 et
1363 2218 1368 2223 .
1384 2217 1390 2223 .
1407 2218 1412 2223 .

137 2269 267 2304 septimo]
287 2270 336 2297 sed
354 2271 444 2305 mag-is
467 2270 496 2296 in
520 2250 556 2296 tiu
575 2271 618 2296 est
641 2269 761 2303 septimo
784 2269 827 2300 (su
849 2276 982 2302 superscr.
1007 2268 1056 2301 6¹2)
1079 2269 1089 2303 ss
1112 2271 1145 2294 23
1164 2269 1275 2295 tantum
1298 2275 1413 2293 numero

139 2305 177 2331 M
196 2305 207 2339 1
228 2308 262 2332 24
285 2306 323 2332 ad
345 2314 369 2332 v.
389 2309 441 2333 276
464 2305 517 2332 Vel
540 2304 677 2340 Phrygios
699 2304 792 2339 ignes]
816 2304 943 2330 flammas
964 2303 1083 2337 (flamas)
1182 2312 1231 2338 pro
1255 2303 1283 2329 in
1306 2310 1412 2336 puppes

138 2341 254 2374 (pupes).
280 2341 307 2367 P
322 2341 332 2374 11
349 2341 474 2368 troianas
497 2349 530 2367 ea:
553 2341 677 2368 troianos
701 2340 725 2367 0
745 2341 754 2374 ΙΙ
776 2339 929 2374 protesalai
953 2339 976 2367 Ο
1002 2339 1168 2374 protessalai
1193 2340 1222 2365 in
1241 2346 1295 2364 ras.
1315 2338 1324 2364 l
1351 2346 1412 2372 pro-

137 2375 232 2403 tesilla
252 2375 282 2403 in
301 2376 332 2402 11
353 2378 363 2410 ΙΙ
385 2380 419 2403 25
439 2378 482 2404 est
500 2384 550 2404 om.
571 2376 599 2402 P
