1722 2670
468 166 581 194 COMM.
600 167 640 194 IN
659 167 768 196 VERG.
786 168 871 197 AEN.
890 170 937 197 111.
957 173 1107 199 552-558.
1360 173 1426 206 437

148 246 257 279 Thetis
287 248 366 280 dono
397 248 533 289 dederat,
555 248 674 289 †quod
703 252 775 282 ante
798 250 944 283 Troicum
972 252 1084 285 bellun
1107 254 1271 286 conlaticia
1293 257 1427 296 pecunia

146 310 232 341 reyes
254 301 421 342 populique
444 301 589 341 fecenunt.
634 303 761 343 quidam
789 304 896 336 dicunt
919 306 1064 346 templum
1096 317 1140 339 ioc
1163 307 1297 340 Iunonis
1319 319 1340 340 a
1363 309 1425 340 La-

150 353 232 386 cinio
254 364 322 395 reqe
344 354 546 395 appellatum,
574 356 625 387 cui
652 356 747 388 dabat
772 358 946 397 superbiam
970 362 1068 391 mater
1091 360 1205 400 Cyrene
1228 364 1256 393 et
1278 362 1426 394 Hercules

143 407 286 448 fuyatus;
314 418 445 448 namque
467 418 536 439 eum
557 411 630 449 post
653 409 824 450 Geryonem
847 412 1013 444 extinctum
1035 414 1071 444 cle
1094 414 1256 454 Hispania
1278 418 1424 447 revertmi-

145 462 205 492 tem
235 460 366 502 hospitio
397 461 510 493 dicitur
541 462 671 502 recipere
702 464 850 503 noluisse,
882 467 910 496 et
936 466 971 497 in
1000 467 1124 498 titulum
1150 468 1334 508 repulsionis
1360 470 1426 501 cius
1444 481 1460 504 5

146 514 292 555 templum
305 513 424 546 Iunoni
447 516 606 554 tamquam
629 526 780 555 novercae,
804 518 892 550 cuius
915 519 983 550 odio
998 521 1145 552 Hercules
1169 521 1335 563 laborabat,
1359 532 1425 553 con-

143 567 265 600 didisse.
310 568 345 599 in
370 567 426 599 hoc
454 568 563 608 templo
591 569 671 601 illud
697 571 843 602 miraculi
868 571 966 611 fuisse
984 573 1114 612 ·(licitur‚
1142 576 1177 605 ut
1200 575 1229 606 si
1251 575 1321 614 quis
1341 575 1425 614 ferro

145 620 180 652 in
204 621 304 662 teyula
327 621 431 661 templi
453 621 553 661 ipsius
575 632 685 654 nomen
709 623 862 663 incideret,
886 626 1005 657 tamdiu
1028 627 1085 658 illa
1107 628 1262 668 scriptura
1281 631 1424 667 maneret,

144 674 295 714 quamdiu
316 674 346 706 is
366 673 455 706 homo
478 676 596 717 viveret,
619 677 674 716 qui
696 677 776 708 illud
797 678 975 718 scripsisset.

232 726 307 759 553.
345 736 589 767 CAVLONISQVE
614 738 724 761 ARCES
748 730 858 762 Aulon
882 742 974 763 mons
998 734 1048 764 est
1066 732 1246 775 Calabriae,
1270 737 1305 766 ut
1320 735 1423 767 Hora·
1445 746 1477 769 10

142 779 206 812 tius
230 782 268 813 et
291 781 438 813 amicus
462 781 592 814 Aulon
616 782 768 815 fertilis
793 783 958 816 Baccho:
992 786 1028 817 in
1052 797 1115 828 quo
1140 787 1293 828 oppidum
1316 788 1380 820 fuit
1402 799 1423 820 a

143 833 253 866 Locris
275 835 444 876 conditum,
468 836 554 876 quod
578 836 753 868 secundum
777 837 962 880 Hyginum,
987 839 1042 880 qui
1066 840 1196 881 scripsit
1220 841 1258 872 de
1282 841 1347 873 situ
1371 853 1423 873 ur-

143 886 235 927 bium
253 887 450 930 Italicarum,
474 888 583 929 †olim
607 900 673 921 non
699 891 755 922 est.
788 891 847 922 alii
869 902 890 922 a
909 890 1014 931 Caulo,
1039 892 1141 925 Clitae
1155 893 1327 926 Amazonis
1348 895 1423 936 filio,

145 941 301 973 conditum
325 942 461 973 tradunt.
530 951 761 975 NAVIFRAGVM
785 953 1012 977 SCYLLACEVM
1035 946 1253 987 periculosum
1276 948 1423 980 navibus.

143 993 267 1026 dictum
290 993 492 1036 Scyllaceum
521 998 576 1027 aut
604 1008 624 1028 a
651 998 772 1038 tractu,
805 998 855 1029 vel
885 1010 904 1029 a
927 999 1062 1039 periculi
1086 1000 1314 1032 similitudine:
1346 1012 1420 1033 nam
1443 1011 1475 1034 15

142 1047 218 1079 inde
242 1047 354 1090 Scylla
377 1048 473 1090 longe
497 1050 555 1081 est.
601 1050 660 1081 alii
682 1051 788 1082 dicunt
817 1051 932 1084 Ulixen
950 1055 1022 1093 post
1042 1053 1247 1094 naufragium
1271 1054 1305 1085 in
1323 1053 1423 1086 Italia

140 1101 177 1133 de
198 1102 327 1133 naviwm
347 1102 533 1143 fraymentis
555 1104 707 1135 civitatem
730 1104 790 1136 sibi
811 1105 930 1144 fecisse,
953 1116 1047 1146 quam
1071 1105 1281 1148 ‘navifrayum
1304 1107 1421 1148 Scylla—

140 1154 239 1187 eeum'
263 1155 443 1187 nominavit.
480 1156 539 1188 alii
561 1157 600 1188 ab
622 1157 868 1200 Atheniensibus,
890 1160 945 1199 qui
967 1170 1036 1191 cum
1058 1154 1217 1192 Mnestheo
1240 1162 1313 1193 duae
1326 1172 1420 1194 -vene-

139 1210 215 1240 rant
235 1211 264 1240 et
285 1219 307 1240 a
329 1209 430 1250 Libya
451 1211 619 1249 redierant,
642 1212 798 1243 conditum
822 1213 957 1244 tradunt.

229 1261 304 1294 555.
341 1272 387 1294 ET
412 1272 574 1296 Gssm'rvn
599 1273 783 1297 INGENTEM
807 1275 934 1298 PELAffl
960 1267 1087 1299 videtur
1105 1268 1232 1300 delatus
1251 1269 1355 1310 primo
1380 1269 1419 1301 ad
1439 1277 1473 1301 20

138 1314 269 1357 fretum,
292 1318 406 1357 postea
429 1317 470 1348 ad
493 1316 635 1350 Aetnam
658 1329 815 1350 reversus.

228 1368 302 1401 556.
330 1378 486 1402 FRACTAS
506 1371 633 1413 nimias,
652 1374 688 1403 ut
707 1372 856 1404 fractos
877 1373 1031 1405 sonitus
1051 1374 1208 1406 imitata
1231 1375 1418 1408 tubarum.

138 1422 184 1453 vel
208 1421 356 1461 ‘fractas’
379 1434 448 1455 cum
469 1424 594 1465 fraqore
615 1426 772 1457 venientes.

228 1475 302 1507 557.
339 1485 451 1508 Ansrv
479 1486 679 1510 MISCENTVR
707 1488 873 1510 HARENAE
902 1480 1057 1512 describit
1084 1481 1156 1513 loca
1179 1481 1343 1523 Charybdi
1374 1483 1417 1514 vi-

139 1527 225 1561 eina:
250 1540 347 1570 quam
372 1540 442 1562 esse
465 1531 601 1562 credidit
620 1534 662 1563 'ex
685 1532 821 1573 periculi
844 1533 1075 1574 magnitudine.
1436 1543 1470 1566 25

160 1578 163 1581 ’
228 1581 303 1614 558.
339 1595 426 1615 mma
434 1596 473 1615 viz
498 1585 561 1616 nisi
581 1585 686 1624 fallor.
765 1599 834 1618 ιιιΔ
857 1586 911 1618 hoc
927 1587 1112 1627 pronomine
1134 1590 1161 1619 et
1186 1588 1219 1619 in
1241 1590 1418 1621 venerativa

140 1637 168 1666 et
189 1636 224 1667 in
246 1636 452 1676 vituperativa
478 1637 702 1678 siqnisicatione
723 1641 833 1671 veteres
855 1640 1027 1678 utebantur,
1061 1642 1094 1671 ut
1116 1640 1165 1672 liic
1188 1640 1286 1680 ‘illa’,
1318 1642 1354 1673 id
1374 1645 1418 1674 est

210 1734 243 1758 10
262 1731 407 1767 Horatius]
428 1741 512 1759 earm.
533 1733 557 1759 II
577 1737 602 1767 6,
623 1721 728 1769 181122-
746 1735 863 1770 fractos]
883 1744 978 1770 georg.
999 1736 1036 1763 IV
1056 1739 1089 1762 72

211 1824 228 1847 1'
243 1820 273 1847 in
288 1830 343 1855 quo
359 1830 382 1848 a.
393 1821 425 1848 T.
440 1822 465 1848 b.
481 1822 618 1855 templum
631 1822 666 1849 F.
678 1822 834 1850 Schoellius.
854 1824 969 1856 fortasse
983 1824 1009 1851 d.
1026 1824 1051 1851 d.
1067 1825 1095 1851 in
1110 1834 1165 1859 quo
1176 1825 1311 1859 templum
1322 1826 1394 1860 quod
1406 1827 1415 1861 Η

138 1856 267 1884 colatitia
286 1856 337 1890 Fu
351 1860 366 1883 3
387 1856 517 1891 superbia
537 1857 573 1889 F,
593 1866 660 1885 corr.
680 1858 785 1885 Daniel
797 1860 807 1893 ΙΙ
820 1859 941 1886 herculis
960 1859 991 1885 F
1001 1860 1011 1893 ΙΙ
1029 1863 1045 1886 4
1065 1869 1127 1886 eum
1147 1861 1263 1887 Daniel:
1283 1869 1345 1887 cum
1365 1862 1396 1888 F
1407 1866 1409 1895 ζ

139 1892 294 1926 Geryonem
316 1893 484 1919 Masvieius:
503 1901 650 1927 gessonem
670 1894 700 1919 F
711 1894 720 1927 ΙΙ
738 1894 870 1928 Hispanis
890 1895 994 1921 Daniel
1007 1896 1139 1929 primusss
1154 1899 1169 1922 5
1189 1896 1313 1930 hospicio
1334 1897 1364 1923 F
1375 1898 1384 1931 11
1399 1901 1414 1924 6

138 1927 235 1955 innoni
254 1927 285 1954 F
296 1928 306 1962 ΙῙ
320 1931 336 1954 8
355 1927 492 1955 incideret
510 1929 539 1955 et
558 1928 589 1954 F
599 1929 608 1962 ΙΙ
622 1931 638 1955 9
658 1929 701 1955 his
721 1929 752 1955 F
762 1930 772 1962 ΙΙ
792 1933 825 1955 10
843 1938 1012 1960 Avnomsqvu
1031 1931 1057 1956 L
1075 1932 1265 1964 (cnvnomsovs
1285 1933 1303 1965 l)
1320 1934 1330 1966 ΙΙ
1349 1941 1414 1959 eau-

111 1991 114 1994 ,
139 1963 187 1990 lon
207 1963 292 1989 MEz
318 1964 328 1997 Ι]
355 1963 467 1990 cabriae
487 1964 520 1989 Η
539 1964 548 1997 ΙΙ
573 1967 603 1990 11
625 1964 743 1999 amicus]
763 1964 822 1991 eius
841 1966 904 1992 add.
925 1966 959 1991 H
977 1967 986 1999 11
1010 1967 1110 1993 caulon
1130 1967 1213 1993 MEl
1227 1968 1236 2001 ΙΙ
1250 1967 1279 1993 in
1297 1968 1365 2002 quo]
1385 1968 1414 1994 in

139 1998 214 2032 quod
228 1998 259 2024 F
280 1999 355 2032 quod
375 1999 419 2033 011
433 2008 450 2025 a
468 1999 564 2026 Locris
583 1999 727 2026 conditum
745 2000 806 2026 hab.
828 2001 851 2027 C
862 2002 872 2035 ΙΙ
887 2004 919 2027 12
938 2001 1054 2035 yginum
1074 2002 1132 2028 FC
1154 2002 1279 2036 higinum
1299 2003 1333 2029 Η
1343 2004 1352 2037 ΙΙ
1366 2004 1414 2037 qui

138 2033 251 2067 scripsit
268 2042 319 2060 om.
346 2035 382 2060 M
408 2036 417 2068 ΙΙ
447 2038 479 2061 13
499 2034 591 2061 Aulon
610 2036 654 2061 est
673 2036 829 2062 Maevicius
865 2034 956 2063 Aulon
976 2045 1031 2063 non
1051 2038 1093 2064 est
1110 2038 1300 2064 Burmannus.
1324 2047 1341 2065 a
1360 2039 1414 2066 coli

136 2071 181 2103 (-—-
194 2069 303 2102 ‘cauli’)
317 2070 493 2097 nominatum
508 2072 551 2097 est
562 2070 596 2097 F.
608 2070 763 2098 Schoellius.
783 2072 817 2104 cf.
834 2072 908 2099 Serv.
923 2072 961 2099 ad
975 2073 1010 2098 A.
1023 2073 1074 2099 XII
1085 2076 1136 2099 413
1150 2075 1160 2107 ΙΙ
1176 2076 1208 2099 14
1219 2083 1354 2101 εΑιΛοενκ
1365 2075 1398 2100 H
1404 2075 1413 2107 ΙΙ

139 2107 172 2131 15
192 2104 343 2131 scitaceum
359 2106 392 2132 H
406 2106 567 2132 seillaceum
582 2106 612 2132 E
624 2107 633 2140 ΙΙ
647 2107 707 2141 aut]
728 2106 773 2133 vel
790 2107 826 2132 M
838 2108 847 2141 ΙΙ
860 2108 983 2134 tractatu
997 2108 1029 2134 H
1041 2109 1050 2142 ΙΙ
1066 2112 1098 2135 16
1112 2109 1196 2143 longe
1214 2117 1248 2135 ex
1266 2109 1351 2144 longa.
1365 2110 1391 2135 L
1406 2110 1415 2144 ΙΙ

137 2141 175 2167 ad
202 2140 377 2175 navifragum
402 2141 576 2175 Scyllaceum
595 2150 671 2175 supr.
692 2150 758 2169 vers.
783 2142 880 2169 dicunt
902 2143 1017 2176 quidam
1035 2143 1130 2170 ulixen
1148 2146 1213 2178 post
1235 2144 1413 2179 naufragium

137 2175 264 2202 condisse
283 2177 343 2210 (sie)
363 2176 507 2204 ciuitatem
531 2177 560 2203 in
583 2177 664 2204 italia
683 2177 717 2204 de
735 2178 851 2204 nauium
869 2178 1034 2213 fragmentis
1052 2188 1136 2213 quam
1155 2179 1331 2215 nanifragum
1351 2181 1412 2206 scil-

137 2211 247 2238 laceum
265 2212 423 2239 nominauit
443 2213 468 2238 T
493 2214 503 2247 η
531 2216 563 2239 22
589 2214 625 2239 ad
649 2212 753 2240 fractas
776 2221 850 2247 supr.
870 2222 936 2240 vers.
955 2214 1056 2241 nimias
1077 2215 1135 2241 siue
1155 2224 1217 2241 cum
1237 2215 1347 2249 fragore
1366 2224 1411 2242 ue—

136 2247 245 2273 nientes
267 2246 292 2273 T
313 2247 323 2281 u
345 2250 380 2274 24
399 2257 502 2275 numu
521 2248 661 2275 LHME
681 2250 690 2283 ΙΙ
713 2249 860 2283 descripsit
880 2249 910 2275 F
929 2250 939 2284 u
962 2253 995 2276 25
1015 2250 1111 2285 quam]
1131 2251 1207 2284 qnod
1227 2251 1305 2284 FCss
1323 2254 1356 2277 26
1376 2252 1413 2278 acl

136 2281 269 2308 nimirum
293 2290 369 2316 supr.
394 2291 460 2310 vers.
484 2283 538 2310 nisi
562 2284 646 2311 fallor
668 2287 693 2310 et
717 2285 804 2316 certe;
836 2285 873 2311 aa
895 2285 947 2312 illa
968 2294 1044 2319 supr.
1063 2294 1129 2312 vers.
1154 2289 1178 2312 et
1201 2287 1231 2312 in
1250 2294 1334 2319 mary.
1359 2286 1412 2312 hoc

136 2317 302 2351 pronomine
320 2319 431 2345 ueteres
454 2320 604 2346 utebantur
623 2321 652 2346 et
670 2319 697 2345 in
718 2320 881 2347 ueneratiua
899 2320 1102 2354 significatione
1121 2323 1150 2348 et
1168 2322 1196 2347 in
1215 2321 1411 2355 uituperatiua,

135 2353 168 2379 ut
185 2353 238 2380 hoc
259 2353 321 2380 loco
340 2353 392 2380 illa
410 2353 439 2381 id
458 2356 500 2381 eet
518 2355 681 2390 periculosa.
720 2355 789 2382 alibi
807 2356 888 2392 ponit.
906 2356 1092 2391 uituperative
1113 2358 1144 2383 ut
1162 2356 1210 2382 ille
1230 2357 1311 2383 deum
1331 2358 1411 2391 pater

138 2388 163 2416 T
175 2389 185 2423 ΙΙ
199 2391 232 2415 27
252 2388 469 2423 significationes
487 2390 519 2419 F
