1630 2684
0 893 10 1060 »saux-ovo„
0 863 5 867 v
0 843 3 847 -
0 787 14 818 ‘7'·
0 711 10 747 ,ἢ
0 675 2 677 -

442 164 553 191 COMM.
575 164 614 190 IN
633 163 739 191 VERG.
760 164 843 191 AEN.
864 165 883 191 Ι.
904 167 1053 191 313-318.
1326 164 1388 195 115

109 246 315 278 multitudine
335 246 469 278 collecta
492 245 647 277 liberavit
665 245 814 286 celerius,
838 256 935 286 quam
955 245 992 277 de
1012 246 1133 277 femina
1156 248 1265 287 potest
1289 246 1388 278 credi:

108 299 194 332 unde
218 302 251 332 et
273 299 407 331 flumina
431 298 549 330 dicitur
573 298 739 330 celeritate
763 298 929 330 transisse.
972 299 1110 330 multum
1134 301 1243 330 autem
1267 299 1389 340 epithe-

108 354 167 385 ton
189 353 329 385 fluminis
353 352 422 383 eius
446 351 569 383 addidit
592 351 689 383 laudi.
779 353 964 391 umcffltrciz]
994 352 1120 391 quidam
1148 363 1168 384 a
1190 355 1281 393 patre
1304 353 1390 383 liar-

103 406 229 447 palyco,
251 405 306 446 qui
323 415 377 436 reoe
391 404 649 445 Amymoniorum
668 403 820 436 Thraciae
834 405 934 445 yentis
949 404 1024 445 fecit,
1043 405 1089 436 ita
1107 406 1258 436 nutritam
1277 406 1391 447 dicunt,

108 462 144 491 ut
165 460 229 500 iqase
251 458 418 491 Camillam
441 468 462 489 a
484 458 608 490 Metabo
629 458 716 498 facit.
756 458 829 489 haee
846 461 939 499 patre
956 461 1084 499 propter
1104 459 1251 498 ferociam
1275 470 1293 490 a
1318 460 1388 490 eivi-
1410 466 1424 489 5

109 512 164 544 bus
184 512 277 553 pulso
305 522 342 543 ac
362 514 470 552 postea
498 511 604 550 occiso,
633 512 717 553 fuyit
743 512 778 543 in
804 512 899 543 silvas
926 514 955 543 et
980 511 1137 543 venatibus
1166 512 1392 552 latrociniisque

108 566 233 598 vivendo
263 566 309 597 ita
335 565 463 604 efferata
491 567 536 596 est
561 567 589 596 et
619 565 712 597 hunis
739 565 906 597 velocitatis
934 568 962 596 et
988 565 1124 597 exercitii
1154 565 1240 605 facta
1272 568 1326 607 est,
1359 568 1393 597 ut

108 618 206 651 subito
229 619 272 650 ad
293 619 395 650 vicina
418 618 540 650 stabula
563 621 666 650 coacta
689 619 796 660 inopia
818 619 989 650 decurreret
1006 621 1034 649 et
1055 621 1144 659 rapto
1162 630 1307 659 pecorum
1328 620 1392 659 fetu

108 673 296 713 insequentes
313 673 406 704 etiam
425 672 537 712 equites
554 672 590 702 in
613 672 763 703 celeritate
784 672 902 703 vitaret.
935 672 988 703 sed
1004 672 1136 712 quodam
1161 675 1290 713 tempore
1307 673 1393 713 posi-

109 726 150 758 tis
171 726 214 758 ad
235 726 368 758 insidias
390 736 550 757 cervarum
567 726 675 766 playis
693 727 783 766 capta
801 728 830 756 et
847 726 944 757 occisa
962 727 1013 756 est.
1053 726 1141 757 cuius
1159 728 1285 757 mortem
1308 726 1391 757 nobi·
1414 733 1445 755 10

110 779 212 811 litavit
232 790 338 811 eorum
364 780 476 818 exitus,
505 779 559 819 qui
587 789 654 810 eam
682 779 869 816 occiderunt,·
897 779 1003 810 statim
1027 779 1107 810 enim
1130 779 1165 810 in
1188 779 1303 810 vicinia
1326 782 1393 811 orta

109 833 258 865 contentio
289 835 346 871 est,
379 833 466 864 cuius
494 832 606 872 fuisset
631 832 747 864 haedus
774 842 863 872 quem
890 832 1069 872 Harpalyce
1096 834 1255 873 rapuerat,
1287 833 1333 864 ita
1360 835 1394 864 ut

107 887 198 928 yram'
223 886 386 918 certamine
413 897 476 918 non
503 886 570 918 sine
592 886 742 926 plurimis
768 885 917 917 mortibus
944 885 1152 917 dimicaretur.
1191 888 1299 926 postea
1326 897 1393 917 con-

109 936 235 972 suetudo
248 942 370 971 servata
383 942 438 978 est,
459 942 495 971 ut
512 940 555 971 acl
573 939 727 970 timiulum
741 939 872 979 virginis
884 938 996 978 populi
1015 939 1207 970 convenirent
1225 941 1254 970 ct
1267 942 1395 980 propter

110 993 314 1034 expiationem
336 1003 395 1034 per
418 993 584 1033 imaqinem
607 1002 733 1033 puqnae
755 994 975 1023 concurrerent.
1020 993 1147 1032 quidam
1171 992 1250 1024 hane
1271 995 1394 1033 patrem
1416 1000 1447 1022 15

109 1056 131 1077 a
159 1045 257 1085 Getis⁷
283 1049 320 1078 ut
344 1046 403 1078 alii
430 1046 537 1078 volunt
567 1056 588 1076 a
616 1045 869 1086 BIyrmidonibus
901 1048 1023 1086 captum
1051 1046 1172 1078 collecta
1199 1046 1395 1078 multitudine

110 1100 256 1132 adserunt
279 1099 451 1132 liberavisse
474 1100 612 1138 celerius,
635 1109 730 1139 quam
752 1099 788 1131 de
809 1099 928 1139 femina
950 1100 1032 1131 credi
1049 1101 1165 1140 potest:
1188 1100 1268 1130 unde
1288 1102 1317 1131 et
1337 1100 1395 1140 flu-

110 1154 199 1185 mina
220 1153 334 1185 dicitur
361 1153 510 1185 celeritate
539 1153 694 1184 transisse.
795 1165 947 1184 rom-emm
963 1165 1089 1185 mmm!
1113 1153 1244 1184 multum
1274 1153 1395 1193 quidem

111 1207 213 1238 laudis
239 1207 366 1247 flumini
388 1206 515 1248 epitheto
539 1207 675 1238 addidit:
703 1206 757 1238 scd
780 1205 899 1246 falsum
926 1208 984 1244 est;
1015 1216 1090 1237 nam
1118 1209 1162 1238 est
1188 1207 1395 1247 quietissimus

110 1260 203 1292 etiam
234 1270 303 1291 oum
330 1270 388 1300 per
419 1260 548 1292 hiemem
579 1260 691 1292 crescit.
743 1262 787 1291 est
818 1262 920 1291 autem
952 1260 986 1291 in
1021 1259 1158 1291 Thracia
1189 1262 1260 1291 ante
1291 1270 1396 1292 muros
1414 1267 1448 1290 20

111 1312 255 1354 Cypselae
272 1314 417 1355 civitatis,
435 1314 472 1346 de
490 1314 563 1345 locis
580 1313 699 1353 superis
715 1312 869 1344 Thraciae
887 1313 1023 1350 eeniens;
1043 1313 1141 1345 dictus
1155 1316 1257 1345 autem
1271 1313 1396 1346 Hebrus

110 1367 150 1399 ab
173 1367 277 1399 Hebro
300 1367 397 1399 Hemi
423 1369 452 1398 et
473 1367 634 1407 Rhodopes
660 1367 735 1407 filio.
826 1375 1098 1398 PRAEVERTITVR
1129 1366 1161 1398 id
1190 1369 1240 1398 est
1267 1366 1395 1399 transit.

112 1420 245 1452 dicimus
277 1422 388 1453 autem
421 1422 453 1452 et
484 1420 663 1462 praevertit
701 1422 734 1452 et
766 1420 983 1461 praevertitur
1015 1431 1100 1452 nova
1132 1420 1267 1452 ratione.
1319 1432 1396 1452 nam

111 1473 243 1516 passiva
273 1473 489 1506 declinatione
517 1474 639 1505 utimur
670 1474 703 1505 in
732 1474 838 1505 activa
866 1474 1119 1515 significatione,
1151 1476 1188 1505 ut
1218 1474 1279 1505 hoc
1309 1474 1394 1515 10003

107 1527 334 1569 praevertimur
361 1528 443 1559 enim
470 1538 539 1559 cum
566 1528 628 1568 ipsi
649 1528 820 1569 praeimus.
867 1538 939 1559 cum
962 1529 1069 1559 autem
1093 1527 1199 1559 activa
1222 1527 1395 1560 declinatio
1415 1534 1449 1557 25

112 1582 162 1612 est
192 1581 357 1622 passivam
382 1581 490 1613 'habet
522 1581 809 1622 significationem,
842 1583 878 1612 ut
909 1580 981 1612 ‘ille
1010 1591 1060 1612 me
1089 1580 1292 1621 praevertit’.
1339 1582 1397 1613 alii

112 1633 336 1675 ‘praevertitur’
350 1635 395 1667 sic
406 1635 545 1675 positum
558 1634 677 1674 volunt,
691 1637 727 1666 ut
740 1635 931 1667 bellantur
945 1634 1084 1666 Amazo
1091 1645 1152 1666 nes
1159 1645 1220 1675 pro
1229 1636 1398 1675 praevertit

112 1690 141 1719 et
162 1687 283 1720 bellant.

201 1741 275 1773 318.
311 1750 455 1780 NAMQVE
484 1750 614 1773 VMERIS
643 1751 690 1773 DE
718 1751 815 1774 MORE
846 1743 882 1773 ut
915 1741 1104 1773 ostendatur
1137 1752 1207 1773 esse
1239 1743 1396 1774 venatrix.

111 1873 150 1899 XI
169 1840 222 1900 6ἶῖ
241 1837 359 1864 dicimus
383 1838 479 1864 autem
504 1846 525 1864 e.
542 1847 567 1871 q.
584 1838 617 1872 s.]
643 1837 677 1864 cf.
702 1837 788 1864 Prisc.
810 1838 820 1863 Ι
844 1846 871 1871 p.
891 1840 955 1871 402,
982 1840 1014 1864 17
1037 1837 1071 1864 Η.
1095 1838 1105 1871 Η
1128 1841 1161 1864 27
1186 1837 1338 1872 bellantur]
1363 1838 1395 1865 A.

184 1964 199 1988 2
219 1961 337 1988 transire
356 1962 422 1988 ΒΗ
439 1962 570 1996 mythoyr.
593 1963 603 1996 ss
626 1965 642 1988 3
661 1962 832 1996 Harpalyce]
858 1961 981 1995 arpalico
1002 1961 1077 1988 C‘P
1098 1962 1108 1996 ΙΙ
1131 1965 1147 1988 4
1167 1962 1396 1996 Amymoniorum

115 1995 189 2023 G*P
212 1997 449 2031 Amymnaeorum
474 1998 657 2024 Burmannus
680 2006 713 2023 ex·
732 1997 853 2032 quino.
890 1997 1006 2029 fortasse
1029 1996 1237 2031 Amymnorum.
1258 1998 1268 2032 11
1292 2002 1306 2023 5
1327 1998 1396 2025 haec

113 2033 194 2066 patre
213 2034 330 2066 propter
349 2033 494 2068 ferociam]
514 2034 548 2059 ab
568 2034 610 2059 his
628 2033 716 2059 verbis
730 2033 830 2066 incipit
844 2033 957 2066 quintus
972 2032 1123 2059 Cassellani
1139 2035 1290 2067 quaternio.
1305 2034 1315 2067 ΙΙ
1329 2036 1344 2060 8
1360 2034 1396 2061 ad

115 2066 162 2094 0²:
181 2076 214 2094 ac
235 2067 258 2095 Ο
278 2068 288 2102 ΙΙ
311 2070 409 2095 coacta
429 2068 475 2095 0²:
496 2070 593 2095 coactu
615 2067 638 2095 G
657 2069 667 2103 ΙΙ
689 2069 770 2102 rapto
789 2076 822 2094 ecc
841 2068 925 2101 raptu
946 2067 969 2094 Ο
988 2069 997 2102 ΙΙ
1019 2076 1168 2102 peccorum
1189 2069 1212 2095 0
1233 2070 1242 2103 ΙΙ
1266 2072 1299 2095 10
1317 2069 1395 2096 nobi-

113 2102 208 2129 litauit
227 2103 273 2130 0²:
293 2103 457 2131 nouilitauit
476 2104 499 2130 0
520 2105 529 2138 ΙΙ
554 2107 584 2130 11
606 2112 668 2130 eam
689 2104 734 2130 0²:
754 2111 818 2130 eum
839 2103 862 2129 Ο
878 2104 887 2137 ΙΙ
911 2106 942 2129 15
962 2103 1035 2130 hunc
1056 2103 1090 2130 0²
1108 2105 1149 2130 vel
1168 2104 1201 2131 0⁸
1220 2105 1229 2138 ΙΙ
1251 2107 1283 2131 16
1302 2105 1396 2131 multi-

113 2138 222 2173 tudine]
242 2148 290 2165 mu
310 2138 344 2166 0²
362 2141 394 2166 in
412 2148 466 2166 ras.
491 2140 500 2173 n
525 2143 556 2166 17
577 2140 704 2166 asserunt
723 2140 757 2165 0²
775 2139 816 2165 vel
836 2139 870 2165 0³
892 2140 901 2173 ΙΙ
927 2141 958 2164 18
983 2139 1095 2172 quidam
1117 2140 1140 2165 (J
1160 2140 1169 2174 ΙΙ
1194 2143 1226 2166 19
1251 2140 1396 2174 epitheton

115 2172 150 2199 0²
163 2174 174 2207 ss
187 2177 220 2200 21
240 2174 352 2208 cypsale
372 2175 440 2202 satis
461 2175 483 2202 G
495 2176 504 2209 ΙΙ
518 2178 551 2201 22
572 2175 691 2209 rodopes
713 2175 758 2201 0²:
778 2174 898 2211 rodosslss
918 2174 941 2200 0
958 2175 1040 2207 (duae
1059 2176 1165 2202 litterae
1183 2184 1276 2202 erasae
1294 2178 1369 2208 sunt)
1389 2193 1395 2209 ἵ,

114 2211 148 2248 Ξβ
167 2210 197 2236 et
214 2210 368 2243 praevertit
385 2218 435 2237 om.
455 2211 486 2236 K
491 2211 546 2237 GP
563 2211 663 2244 (suppl.
685 2210 728 2244 0³)
746 2211 756 2244 ss
777 2211 805 2236 et
822 2210 964 2250 praeuerti
983 2210 1016 2236 H
1030 2211 1040 2244 ΙΙ
1059 2214 1093 2236 24
1112 2210 1140 2237 in
1159 2219 1209 2237 om.
1230 2211 1253 2237 0
1269 2219 1325 2237 non
1345 2211 1372 2236 P
1388 2214 1396 2246 t

117 2244 349 2278 significationem
369 2246 401 2271 K
422 2246 588 2280 significatio
609 2246 637 2272 P
654 2246 664 2279 11
687 2248 720 2272 25
745 2254 808 2272 cum
827 2245 882 2279 ipsi
900 2245 1041 2279 praeimus
1066 2246 1139 2272 enim
1158 2247 1224 2272 tunc
1243 2246 1395 2280 praeuerti-

115 2287 176 2306 mur
202 2280 229 2305 P
245 2281 255 2314 ΙΙ
278 2283 311 2307 29
331 2282 368 2308 ad
386 2290 410 2308 v.
430 2284 481 2308 318
510 2281 552 2308 De
578 2282 666 2316 more]
693 2282 844 2308 venantum
870 2280 986 2307 scilicet.
1025 2281 1167 2316 Habilem]
1195 2283 1292 2315 aptum
1319 2282 1396 2307 sexui

117 2314 331 2350 uniuscuiusque
350 2317 585 2351 (uniuseasuque).
624 2317 738 2344 Comam
756 2316 911 2343 diffundere
930 2316 1114 2351 (defundere)]
1141 2319 1172 2343 ut
1195 2317 1397 2343 diffunderetur

117 2349 342 2385 (defunderetur).
380 2360 482 2386 graeca
510 2354 605 2380 autem
633 2353 723 2386 figura
750 2353 792 2378 est
816 2374 822 2379 .
838 2374 844 2379 .
860 2373 866 2379 .
890 2352 1035 2379 talentum.
1061 2352 1088 2378 P
1106 2353 1115 2386 11
1138 2362 1245 2382 mutave
1270 2363 1294 2380 v.
1319 2363 1344 2378 υ.
1368 2362 1395 2378 m.

116 2384 195 2412 KH:
214 2396 328 2413 llvufflus
347 2388 374 2413 B
393 2397 500 2417 NAMQVE
522 2388 545 2414 O
565 2398 672 2421 NAnQvn
692 2397 807 2415 imm-:ms
826 2398 860 2414 m:
880 2398 949 2414 nom:
972 2388 1007 2413 M

1117 2414 1183 2458 ⁶8*
