1630 2684
404 141 519 169 COMM.
539 142 578 168 IN
597 141 705 168 VERG.
725 141 809 168 AEN.
832 142 850 167 l.
871 145 1019 170 339-347.
1292 144 1352 175 121

161 224 235 256 343.
273 222 356 256 vnvw
376 231 533 255 comvnx
559 231 737 255 svanEvs
762 232 853 255 ERAT
879 223 1028 264 quotiens
1052 227 1148 266 poeta
1172 225 1286 267 'aspera
1309 226 1355 258 in-

69 277 159 310 venit
183 277 315 309 nomina
337 276 389 309 vel
413 276 448 308 in
475 278 579 308 metro
608 287 672 308 non
702 276 838 318 stantia,
866 279 924 308 aut
952 280 1058 310 mutat
1086 289 1124 310 ea
1152 280 1208 310 aut
1236 278 1274 311 de
1302 279 1354 310 his

69 330 190 372 aliquid
216 330 356 362 mutilat.
402 341 477 361 nam
503 329 665 372 Sychaeus
690 329 840 362 Siearbas
865 330 969 362 dictus
995 333 1059 372 est3
1084 331 1197 373 Belus,
1220 332 1354 366 Didonis

68 385 176 426 pater,
204 383 363 425 Methres3
398 382 566 425 Carthago
596 396 614 416 a
644 384 771 425 cartha,
799 385 835 415 ut
862 384 983 416 lectum
1011 386 1061 416 est
1090 387 1122 416 et
1151 385 1185 416 in
1216 385 1355 418 historia

70 437 253 469 Poenorum
282 437 315 467 et
343 436 377 467 iu
401 436 502 468 Livio.
549 447 625 468 sane
649 435 812 478 Sychaeus
837 436 880 479 Sy
904 437 1012 469 brevis
1038 439 1087 469 est
1110 449 1167 479 per
1191 440 1355 482 naturam3

70 490 125 522 sed
149 490 210 522 hoc
233 490 303 521 loco
324 490 447 522 ectasin
466 490 544 522 fecit
563 501 601 522 ea
620 490 754 522 licentia
773 501 856 532 quae
876 492 925 522 est
944 491 978 522 in
996 491 1137 532 propriis
1157 492 1355 524 nominibus.

68 543 146 575 licet
165 543 250 575 enim
269 543 302 574 in
322 543 435 584 quavis
460 543 583 584 proprii
602 543 743 575 nominis
764 545 858 585 parte
878 543 1024 585 syllabae
1046 546 1171 576 mutare
1190 547 1354 577 naturam:

69 596 155 639 quod
178 598 211 628 et
234 596 268 628 in
287 596 495 638 appellativis
515 597 636 638 evenit,
661 597 689 628 si
710 599 819 629 tamen
835 597 873 629 de
892 597 1033 639 propriis
1053 598 1213 639 originem
1228 598 1355 640 ducant,

67 651 106 682 ut
124 648 281 694 Sicanio
305 651 515 692 praetenta
540 650 640 691 sinu,
664 650 741 691 quia
765 650 854 682 venit
878 662 897 682 a
916 649 1031 682 Sicano
1055 661 1131 692 rege
1151 649 1289 683 Siciliae.

68 716 237 736 mussmvs
257 716 329 736 AGRI
348 706 457 735 veteres
480 704 632 735 addebant
654 704 742 735 cuius
764 704 811 735 rei
833 704 927 745 dives,
951 706 986 735 ut
1008 705 1110 736 dives
1133 715 1270 745 equum.

158 756 233 788 344.
270 765 422 789 MISERAE
448 757 575 789 dativus
601 759 664 798 est,
688 767 754 789 non
779 756 978 788 adverbium.

158 809 231 842 345.
269 822 320 842 σν]
338 823 431 842 PATER
452 823 600 843 [ΝΤΑΟΤΛΜ
619 823 757 842 DEDERAT
777 812 994 851 aryumentum
1017 811 1141 843 amoris.

159 863 233 895 346.
271 875 372 895 means
392 876 532 902 ommssrs
554 864 600 895 vel
616 864 776 904 prosperis
799 866 828 895 et
849 864 989 896 secundis
1012 865 1154 905 auyuriis
1171 865 1217 896 vel
1234 865 1355 905 prima-

68 918 141 958 riis,
163 919 199 949 ut
220 917 294 949 aliis
316 916 414 948 verbis
432 917 585 957 repetierit
607 916 669 948 ‘cm'
681 919 774 957 pater
792 918 941 949 intactam
960 917 1107 949 dcderat’.
1190 926 1354 950 OMINIBVS

69 970 226 1012 auguriis.
263 972 296 1002 et
319 969 494 1002 secundum
513 970 678 1002 Romanos
702 971 829 1002 locutus
854 972 918 1011 est,
943 971 998 1012 qui
1022 970 1103 1002 nihil
1128 971 1192 1002 nisi
1216 972 1354 1012 captatis

69 1023 233 1056 faciebant
266 1024 428 1065 auguriis,
459 1025 492 1055 et
523 1024 695 1065 praecipue
728 1024 867 1066 nuptias.
920 1024 1068 1056 Lucanus
1102 1025 1356 1067 contentique

70 1077 227 1119 auspice
245 1076 376 1109 Bruto.
412 1076 578 1109 Iuvenalis
599 1077 730 1109 veniet
750 1089 831 1109 cum
852 1077 1125 1119 signatoribus
1146 1089 1298 1120 auspex.

70 1140 153 1164 'rym
176 1131 365 1164 adverbium
390 1132 449 1162 est.

159 1185 233 1217 347.
270 1193 426 1217 sennam:
454 1193 548 1215 ANTE
577 1193 679 1217 Amos
709 1193 885 1217 mnAmon
909 1194 1023 1217 OMNES
1048 1194 1137 1223 Qvos
1162 1194 1269 1217 INTER
1294 1194 1356 1217 ME·

70 1247 152 1271 Dios
172 1247 281 1270 VENIT
301 1247 418 1270 FVROR
443 1237 540 1280 iunge
564 1239 684 1270 totum:
708 1249 784 1269 nam
808 1238 904 1270 aliter
926 1249 991 1270 non
1015 1238 1175 1280 procedit,
1199 1239 1227 1270 si
1251 1249 1357 1281 segre-

71 1302 128 1334 ges
153 1291 246 1334 ‘quos
265 1292 351 1324 inter
371 1292 495 1324 medios
516 1292 605 1324 venit
624 1290 740 1332 furor',
765 1302 837 1323 cum
861 1291 931 1333 ipse
956 1291 1056 1333 dicat,
1080 1292 1157 1324 licet
1177 1293 1357 1334 simulatas,

143 1393 156 1416 1
177 1388 306 1423 quotiens
326 1411 332 1416 .
349 1410 354 1415 .
372 1411 377 1416 .
397 1388 503 1416 dictum
522 1389 576 1424 est]
597 1397 682 1415 exscr.
699 1388 775 1415 Serv.
791 1388 886 1422 Lupus
905 1397 948 1422 ep.
964 1391 998 1415 34
1017 1397 1043 1422 p.
1061 1391 1092 1415 71
1114 1390 1143 1415 et
1161 1388 1222 1415 vita
1237 1389 1262 1415 S.
1278 1389 1357 1423 Wig-

70 1425 144 1453 berti
162 1434 189 1459 p.
205 1428 256 1452 293
273 1424 332 1451 Bal.
347 1425 356 1459 ss
370 1428 385 1451 5
406 1425 436 1451 in
450 1425 544 1460 Livio]
564 1426 663 1458 fragm.
680 1427 696 1451 4
711 1424 804 1450 Hertz.
820 1424 829 1458 ΙΙ
844 1427 859 1450 9
877 1423 1000 1458 Sicanio]
1021 1425 1053 1450 A.
1069 1424 1107 1450 111
1123 1427 1173 1450 692
1189 1425 1198 1458 ss
1213 1427 1246 1450 10
1266 1425 1357 1460 dives]

70 1462 103 1488 A.
122 1461 161 1488 IX
179 1461 237 1494 2611
253 1463 285 1487 16
305 1460 444 1495 Lucanus]
465 1460 491 1487 II
505 1464 555 1487 371
571 1461 580 1495 ΙΙ
596 1463 628 1486 17
644 1459 794 1494 Iuvenalis]
815 1461 866 1486 sat.
887 1459 912 1485 X
931 1462 983 1486 336

144 1553 158 1576 1
178 1550 216 1576 ad
233 1557 257 1575 v.
277 1552 329 1576 343
353 1548 425 1575 Huic
450 1549 551 1576 coniux
571 1549 714 1583 Sychaeus
734 1548 883 1582 (sichaeus)
904 1548 974 1583 erat]
1001 1548 1128 1582 quotiens
1150 1569 1155 1575 .
1176 1569 1182 1575 .
1203 1570 1209 1575 .
1234 1548 1356 1583 nomina,

71 1587 120 1612 aut
138 1586 231 1612 mutat
250 1607 255 1611 .
276 1606 282 1612 .
302 1607 308 1612 .
329 1584 420 1611 dictus
440 1586 494 1618 est,
523 1585 598 1619 quod
616 1584 645 1610 in
665 1584 782 1611 historia
801 1584 958 1611 Poenorum
977 1584 1126 1610 inuenitur.
1165 1584 1305 1618 Sychaeus
1325 1594 1356 1619 sy

71 1621 164 1648 breuis
183 1621 226 1647 est
246 1641 251 1646 .
273 1642 278 1648 .
299 1642 303 1647 .
326 1620 404 1647 ouius
422 1620 463 1647 rei
483 1620 568 1647 diues.
591 1620 640 1654 Pu
655 1630 762 1646 sxcusvs
781 1619 840 1646 ΒΟ
866 1630 878 1645 s
898 1620 923 1645 L
952 1629 1078 1646 smmi-:vs
1097 1620 1172 1646 HM
1183 1620 1193 1654 11
1214 1623 1230 1646 2
1250 1621 1299 1646 aut
1318 1620 1357 1647 im

71 1658 161 1684 metro
175 1657 201 1682 L
214 1657 223 1690 ΙΙ
237 1660 252 1682 3
268 1664 334 1682 nam
353 1656 472 1690 sycheus
493 1655 590 1682 scribit
609 1655 732 1682 sicarbas
751 1655 842 1682 dictus
862 1656 905 1681 est
924 1656 951 1681 et
970 1655 999 1681 in
1020 1655 1137 1682 historia
1156 1663 1308 1689 poenorum
1329 1657 1358 1682 et

70 1692 100 1719 in
118 1692 187 1719 libio
204 1692 227 1718 C
243 1692 253 1726 ΙΙ
276 1692 394 1726 sycheus
408 1692 436 1718 Β
460 1691 569 1718 sicheus
585 1691 649 1717 LH
654 1691 690 1717 M
717 1690 844 1717 sichaeus
862 1691 888 1716 P
909 1691 919 1724 ΙΙ
943 1691 1072 1717 Secarbas
1086 1691 1119 1716 H
1140 1691 1290 1725 sycharbas
1302 1692 1338 1717 M
1351 1700 1357 1717 ιη

70 1728 155 1755 Belus
182 1748 188 1754 .
209 1748 215 1754 .
235 1749 241 1755 .
266 1728 298 1753 ut
315 1727 419 1753 lectum
438 1727 482 1754 est
500 1727 564 1754 add.
585 1726 619 1753 0³
638 1727 669 1753 in
687 1735 771 1760 mary.
794 1727 844 1759 inf.
867 1727 877 1760 ΙΙ
904 1729 921 1752 4
940 1726 1061 1752 metthes
1080 1725 1148 1753 ΒΟ3
1176 1728 1278 1753 mettes
1297 1727 1362 1753 LH

71 1763 180 1790 methes
200 1763 238 1789 M
267 1764 370 1789 metres
390 1763 419 1788 D
442 1763 479 1789 ad
502 1763 570 1790 Aen.
591 1763 602 1788 I
622 1765 682 1789 642.
720 1762 754 1794 cf.
778 1762 908 1796 mythoqr.
934 1762 944 1787 Ι
971 1764 1023 1787 214
1050 1761 1136 1788 ‘Dido
1155 1761 1276 1788 Metonis
1300 1762 1359 1788 filia

71 1807 155 1833 quem
173 1797 308 1833 Virgilius
327 1798 427 1825 Belum
446 1798 583 1825 nominat'
600 1798 609 1832 ΙΙ
629 1797 747 1824 caracha
766 1797 792 1823 B
821 1805 919 1823 caraea
936 1797 1002 1822 ‘LH
1007 1797 1043 1823 M
1071 1805 1185 1824 caracca
1204 1798 1214 1823 l
1242 1806 1359 1831 carraga

73 1834 108 1861 0³
126 1835 160 1866 cf.
180 1834 254 1861 Serv.
275 1834 312 1860 ad
330 1834 399 1860 Aen.
420 1834 458 1860 lV
478 1836 542 1865 670.
563 1834 611 1860 'nbi
630 1833 710 1859 carta
729 1833 816 1860 Laur.
837 1833 911 1864 LH,
933 1832 1030 1858 cartha
1049 1832 1133 1858 Rern.
1156 1835 1204 1859 172
1226 1832 1249 1858 C'
1256 1833 1291 1858 M
1304 1834 1313 1867 ΙΙ
1327 1834 1359 1859 ut

71 1870 176 1897 lectum
196 1871 238 1896 est
259 1890 263 1895 .
282 1890 287 1895 .
304 1891 309 1896 .
330 1869 422 1903 Livio]
443 1870 475 1895 ut
493 1869 521 1895 in
540 1868 609 1894 libio
629 1869 663 1894 de
683 1867 802 1894 historia
820 1868 977 1901 phenorum
992 1868 1018 1893 B
1033 1868 1042 1901 ΙΙ
1056 1870 1071 1894 5
1092 1868 1209 1901 sycheus
1224 1868 1360 1894 BGHM

73 1905 182 1932 sicheus
201 1905 226 1931 L
239 1905 249 1939 11
264 1914 295 1938 sy
314 1905 355 1930 B:
374 1913 424 1931 om.
447 1904 470 1931 (J
486 1905 527 1936 (in
545 1913 631 1938 marg.
652 1904 715 1930 add.
736 1903 780 1937 0³)
799 1903 822 1929 si
842 1904 905 1929 LH
910 1904 945 1929 M
959 1903 998 1936 118
1018 1903 1179 1937 apellatiuis
1199 1903 1358 1930 nominibus

72 1941 98 1967 L
111 1941 121 1975 ΙΙ
134 1940 213 1967 uenit
234 1940 287 1967 GP
302 1940 409 1974 (euenit
429 1940 474 1973 0²)
492 1941 502 1974 ΙΙ
525 1943 540 1966 9
560 1939 715 1973 praeterita
734 1939 766 1964 H
783 1939 792 1973 11
817 1942 849 1965 10
868 1938 927 1965 raei
948 1938 970 1965 Ο
986 1939 995 1973 ΙΙ
1015 1938 1090 1965 dives
1110 1939 1141 1965 ut
1160 1938 1237 1965 dives
1257 1947 1358 1972 equum

71 1977 185 2010 scripsi:
204 1975 283 2002 diues
302 1984 423 2009 aequum
443 1975 476 2009 Ο,
497 1975 575 2002 diues
595 1976 625 2001 et
644 1974 722 2000 diues
742 1983 843 2007 equum
866 1973 899 2000 0²
912 1975 921 2008 ΙΙ
937 1977 967 1999 11
989 1974 1026 2000 ad
1043 1982 1067 2000 υ.
1089 1977 1140 2000 344
1159 1974 1290 2009 Miserae]
1311 1975 1358 2001 da-

72 2011 149 2039 tiuus
169 2013 212 2038 est
229 2020 286 2038 non
305 2011 479 2038 aduerbium.
495 2011 542 2044 Pu
558 2014 589 2037 13
610 2011 654 2037 αά.
670 2019 694 2036 υ.
709 2012 760 2036 346
781 2009 926 2036 Ominibus
941 2009 1135 2043 (hominibusfl
1156 2010 1200 2036 vel
1218 2010 1359 2044 prosperis

74 2048 104 2074 et
122 2047 250 2074 secundis
269 2046 393 2081 auguriis
413 2047 458 2073 vel
476 2045 617 2081 primariis
637 2045 818 2080 (primamus).
853 2045 933 2080 Tyri]
953 2044 1117 2071 aduerbium
1136 2046 1185 2071 est.
1208 2045 1257 2079 ΡΙΙ
1271 2055 1358 2072 rimus

74 2093 187 2109 omnsvs
207 2083 343 2116 (ommnvs
364 2082 409 2115 02)
435 2082 481 2108 uel
505 2081 647 2116 prosperis
671 2082 699 2107 et
723 2080 852 2107 secundis
876 2080 1000 2115 auguriis
1024 2080 1069 2106 uel
1093 2079 1232 2114 primariis
1255 2082 1286 2106 ut
1310 2080 1359 2107 alii

75 2117 142 2145 norb
161 2117 306 2152 repetierit
324 2117 368 2144 cui
387 2119 468 2152 pater
486 2118 623 2144 intactam
642 2116 764 2143 dederat.
794 2115 932 2143 ominibus
954 2118 1049 2142 autem
1063 2116 1215 2142 secundum
1230 2124 1359 2143 romanos

75 2162 96 2180 c.
114 2162 137 2188 q.
157 2162 176 2180 s.
199 2152 222 2180 Ο
236 2154 246 2188 ΙΙ
267 2156 299 2180 16
320 2154 349 2180 et
367 2161 417 2181 om.
436 2153 506 2179 ΒΜ
524 2154 534 2187 ΙΙ
554 2156 586 2179 17
606 2151 694 2186 aspici
713 2151 739 2177 L
759 2151 878 2186 (auspici
897 2152 917 2185 l)
936 2152 946 2185 ΙΙ
967 2154 998 2178 19
1019 2161 1130 2178 scensas
1150 2160 1218 2178 asu:
1238 2161 1313 2178 nuos
1332 2152 1359 2177 B

76 2198 188 2216 scau-:ns
207 2198 275 2215 As'rs
294 2198 370 2215 Amos
390 2198 520 2215 mammon
537 2198 560 2215 o.
576 2197 601 2218 Q.
618 2199 634 2214 1.
650 2198 675 2214 M.
691 2197 716 2214 v.
732 2197 755 2214 1³.
777 2186 871 2214 OLH.
896 2195 970 2214 unus
990 2187 1026 2213 M
1044 2187 1152 2221 integra
1171 2187 1249 2213 habet
1264 2190 1360 2220 poetae

75 2259 163 2286 verba.
200 2260 232 2286 in
250 2268 278 2287 eo
301 2259 440 2287 inmanior
464 2262 489 2287 et
511 2240 619 2286 medios
646 2260 656 2293 ΙΙ
683 2262 717 2285 20
741 2258 825 2293 iunge
844 2258 936 2285 totum
958 2280 962 2285 .
984 2280 989 2285 .
1011 2280 1016 2285 .
1041 2258 1216 2285 sacrificabat
1235 2266 1284 2285 om.
1303 2257 1331 2284 B
1352 2268 1359 2291 j

77 2330 204 2364 procedit
222 2332 253 2362 u—t
272 2330 296 2357 si
316 2331 339 2358 0
354 2332 364 2365 ΙΙ
383 2334 415 2358 21
436 2330 543 2358 medios
562 2331 606 2357 H:
626 2310 733 2357 medios
754 2329 819 2356 CM
844 2329 952 2356 medius
970 2330 995 2355 L
1009 2330 1019 2364 11
1038 2330 1113 2357 furor
1133 2329 1198 2363 quia
1216 2328 1299 2355 multi
1317 2328 1357 2355 in-

78 2365 185 2393 manior
205 2367 239 2393 ad
258 2366 393 2400 furorem,
413 2375 468 2393 non
488 2367 524 2394 ad
542 2366 752 2401 pygmalionem
771 2364 895 2392 referunt
915 2365 938 2391 C

1376 712 1409 736 10

1377 979 1409 1002 15

1376 1246 1410 1269 20
