1630 2684
579 668 938 718 PRAEFATIO.

210 761 315 794 Priori
338 763 433 795 huius
458 763 632 796 voluminis
652 764 807 798 fasciculo
831 766 1063 808 prolegomena
1083 767 1258 810 adiungere
1281 769 1401 800 consti-

120 816 255 858 tueram,
271 816 387 858 quibus
401 828 505 849 novae
521 817 672 850 editionis
687 819 845 850 rationem
860 819 1065 861 explicarem.
1099 832 1185 853 nunc
1200 823 1232 853 et
1245 823 1400 863 temporis

117 869 281 910 'angustiis
314 871 347 901 et
376 870 499 902 ambitu
532 871 627 903 huius
659 871 807 904 fasciculi
834 875 964 914 praeter
994 874 1179 915 opinionem
1207 876 1300 907 aucto
1330 886 1400 908 eam

7 936 37 941 -’
89 954 92 957 ,
120 923 427 955 commentationem
456 924 549 956 alteri
578 936 734 966 seponere
762 936 874 968 cogor,
910 926 965 968 qui
993 928 1101 968 quarti
1130 929 1162 959 et
1190 928 1296 970 quinti
1324 929 1400 960 libri

120 976 368 1023 commentarios
398 977 602 1018 conplectens
636 989 733 1019 quam
765 979 906 1019 primum
936 980 1006 1011 fieri
1033 981 1155 1021 poterit
1183 981 1304 1013 edetur.
1354 982 1400 1013 in-

119 1028 215 1060 terim
235 1029 314 1061 satis
333 1029 438 1062 habeo
459 1030 497 1062 de
516 1029 680 1062 codicibus
701 1031 818 1073 quibus
837 1032 871 1063 in
890 1032 941 1063 his
961 1033 1067 1065 tribus
1086 1033 1180 1065 libris
1197 1035 1401 1066 recensendis

121 1091 197 1123 usus
222 1093 294 1114 sum
319 1084 352 1114 et
375 1083 414 1115 de
438 1085 570 1115 externa
593 1084 689 1116 huius
714 1085 866 1117 editionis
889 1085 995 1117 forma
1017 1097 1121 1128 pauca
1143 1087 1295 1128 praefari.

209 1134 317 1177 Atque
341 1136 368 1167 is
392 1136 520 1177 quidem
545 1138 810 1180 commentarius,
838 1149 932 1180 quem
956 1137 1059 1171 Servii
1089 1151 1158 1172 esse
1187 1143 1220 1172 et
1243 1141 1401 1173 librorum

120 1187 386 1229 inscriptionibus
406 1191 438 1221 et
457 1190 530 1221 aliis
550 1191 746 1223 testimoniis
765 1191 983 1234 confirmatur,
1003 1193 1137 1235 antiqua
1152 1205 1248 1235 quam
1263 1193 1401 1225 technici

120 1242 239 1273 vocant
260 1241 445 1274 litteratura
468 1243 645 1284 impressus
669 1245 727 1276 est.
774 1244 814 1275 ad
839 1255 912 1276 eum
935 1245 1165 1277 recensendum
1190 1245 1224 1277 111
1249 1246 1324 1278 libri
1348 1247 1400 1278 ad-

20 1269 22 1271 *
119 1293 217 1343 bibiti
240 1297 328 1327 sunt:

207 1340 508 1381 Bernensisxeffl}
532 1348 593 1392 (B)
617 1350 891 1392 membranaceus,
916 1351 1034 1382 saeculi
1057 1350 1163 1384 VIIII.
1187 1352 1244 1384 fol.
1270 1353 1400 1385 1-138

120 1399 225 1433 Servii
242 1401 413 1434 bucolicon
432 1403 607 1444 georgicon
626 1403 787 1435 Aeneidos
803 1403 938 1445 I—-VH,
960 1405 1000 1436 16
1021 1405 1270 1437 commentarios
1292 1397 1401 1448 negle-

121 1455 234 1495 genter
252 1455 390 1496 scriptos
410 1457 443 1487 et
460 1456 546 1488 haud
565 1457 676 1498 paucis
695 1457 776 1488 locis
795 1457 888 1489 valde
908 1457 1094 1489 decurtatos
1113 1459 1266 1490 continet.
1303 1459 1401 1500 primi

121 1505 281 1539 Aeneidos
303 1508 379 1540 libri
404 1511 586 1541 commenta
610 1521 682 1541 cum
705 1509 766 1541 hoc
791 1510 899 1542 codice
924 1511 1049 1542 contuli
1074 1521 1159 1542 anno
1186 1511 1280 1543 1855.

210 1559 525 1594 Caroliruhensis
543 1563 605 1595 186
620 1561 684 1605 (K)
700 1563 833 1595 membr.
853 1563 973 1595 saeculi
988 1563 1093 1606 VIIII,
1112 1564 1190 1596 olim
1210 1566 1400 1597 monasterii

13 1603 14 1606 Ἴ
51 1618 54 1619 ’
117 1611 409 1656 Reichenaviensis,
433 1616 578 1648 continet
598 1615 788 1648 Servianum
807 1617 983 1659 georgicon
1003 1619 1035 1649 et
1053 1617 1215 1650 Aeneidos
1235 1618 1251 1650 I
1267 1619 1399 1652 4—338

119 1667 386 1699 commentarium
402 1667 498 1700 ‘circa
511 1669 669 1701 troianos'
685 1688 727 1692 —
743 1669 789 1701 ‘hi
809 1671 865 1712 qui
883 1670 922 1702 de
938 1670 1081 1712 chalcide
1096 1673 1253 1703 uenerant
1267 1672 1400 1704 ciuitate

119 1719 271 1752 euboico?
308 1722 429 1753 contuli
453 1733 538 1754 anno
565 1723 659 1755 1876.

206 1772 427 1814 Lipsiensis
455 1775 673 1808 bibliothecae
702 1777 883 1809 senatoriae
911 1788 977 1818 rep.
1001 1777 1016 1808 I
1040 1789 1070 1810 n.
1095 1778 1138 1809 36
1165 1776 1235 1821 (L),
1264 1780 1398 1811 membr.

112 1835 200 1857 saec.
218 1821 258 1867 X,
281 1827 425 1859 continet
447 1827 550 1860 Servii
572 1828 607 1860 in
628 1829 769 1870 Vergilii
793 1830 937 1861 carmina
961 1831 1238 1863 commentarium.
1276 1833 1398 1863 contuli

119 1878 240 1919 partim
264 1891 349 1911 anno
376 1881 460 1912 1856
484 1882 603 1923 partim
628 1894 711 1914 anno
739 1883 832 1915 1876.

209 1932 219 1964 l
247 1932 342 1964 huius
371 1933 447 1965 libri
475 1935 684 1976 correctores,
717 1946 853 1976 quorum
888 1936 970 1967 alter
999 1936 1105 1977 primo
1135 1937 1269 1969 librario
1298 1948 1398 1979 prope

119 1986 263 2027 aequalis
286 1986 361 2027 fuit,
390 1987 472 2018 alter
496 1987 625 2019 saeculo
644 1987 691 2018 XI
710 1987 761 2019 vel
780 1987 843 2019 XII
866 1988 942 2020 libri
961 1988 1162 2031 Frisingensi
1186 1984 1300 2022 similis
1321 1991 1397 2022 scri-

117 2039 230 2080 pturas
254 2039 377 2071 adiecit.

207 2091 512 2135 Hamburgensis
531 2092 598 2136 (H)
624 2094 840 2127 bibliothecae
863 2095 1022 2137 publicae,
1045 2097 1178 2128 membr.
1203 2098 1323 2129 saeculi
1341 2097 1397 2129 XI.

8 2177 36 2198 .-
119 2145 261 2177 continet
278 2145 334 2178 fol.
351 2147 481 2179 1-222
495 2146 636 2189 Vergilii
656 2148 800 2179 carmina
819 2150 852 2180 et
869 2147 973 2180 Servii
992 2150 1242 2182 commentarios
1261 2151 1295 2182 in
1314 2162 1397 2182 mar-

120 2197 249 2240 ginibus
273 2199 461 2241 adscriptos.
498 2200 620 2232 contuli
645 2212 730 2233 anno
756 2201 850 2233 1875.

206 2251 450 2285 Monacensis
471 2252 544 2296 (M)
565 2254 632 2286 cod.
651 2255 707 2286 lat.
722 2254 818 2296 6394,
838 2251 1154 2297 olimfFrisingensis
1172 2257 1244 2299 194,
1262 2258 1395 2289 membr.
1457 2294 1465 2303 ·

121 2305 238 2351 saeculi
261 2305 316 2337 XI.
354 2307 497 2343 continet
521 2306 625 2339 Servii
648 2307 682 2339 in
705 2307 844 2349 Vergilii
868 2309 1012 2340 carmina
1035 2310 1293 2341 commentarios.

205 2368 237 2390 m
260 2358 354 2391 huius
379 2360 455 2391 libri
480 2362 650 2392 corrector.
