1630 2684
478 139 592 168 COMM.
611 139 652 167 IN
669 139 779 168 VERG.
798 139 883 167 AEN.
902 140 935 167 Π.
956 143 1105 168 559-598,
1365 139 1430 172 305

146 222 248 254 ictum
271 222 470 263 minabatur,
494 232 576 264 quae
598 221 633 253 in
655 221 779 263 templo
794 221 915 253 Vestae
935 222 1045 254 stabat
1066 224 1189 254 ornata.
1226 223 1262 254 ut
1286 222 1373 254 enim
1396 222 1431 253 in

147 276 253 317 primo
278 275 342 317 <1>
365 275 518 316 diximus,
549 275 676 316 aliquos
700 274 777 307 hinc
800 286 912 307 versus
937 277 1066 307 constat
1090 287 1159 307 esse
1184 276 1345 317 sublatos,
1372 286 1430 307 nec

147 328 308 361 inmerito.
352 340 430 361 nam
457 330 491 360 et
518 331 612 369 turpe
641 330 692 371 est
719 328 789 360 viro
820 328 898 360 forti
927 331 1042 360 contra
1072 329 1227 360 feminam
1256 329 1368 370 irasci,
1399 331 1431 360 et

149 383 348 414 contrarium
381 384 431 414 est
458 381 617 413 Helenam
645 381 680 413 in
707 381 804 414 domo
831 381 956 413 Priami
984 382 1085 414 fuisse
1116 382 1167 413 illi
1197 382 1258 423 rei,
1288 393 1369 423 quae
1397 382 1430 413 in

148 437 240 468 sexto
263 435 371 477 <495>
394 435 525 476 dieitur,
550 435 626 477 quia
648 435 683 467 in
706 435 802 467 domo
827 422 878 467 εἶθ
899 435 1032 467 inventa
1054 435 1232 476 Deiphobi,
1256 437 1431 477 postquam
1450 444 1466 468 5

149 499 188 520 ex
213 500 339 521 summa
362 499 434 520 arce
458 490 633 520 vocaverat
656 488 807 521 Graecos.
852 489 928 520 hinc
959 491 1069 521 autem
1092 500 1204 521 versus
1230 499 1300 520 esse
1325 489 1431 520 subla-

147 544 214 583 tos,
241 541 377 574 Veneris
410 542 510 574 verba
537 542 703 574 declarant
736 542 874 574 dicentis
904 542 1011 583 (601)
1040 541 1121 574 ‘non
1148 542 1214 580 tibi,
1239 541 1431 584 Tyndaridis

147 595 247 627 facies
269 596 374 628 invisa
396 595 589 628 Lacaenae’.

237 648 311 681 593.
346 658 459 695 leo-SEO
492 648 639 690 pulchro.
689 650 882 691 perpetuum
916 648 1084 690 epitheton
1116 648 1259 680 Veneris.
1304 649 1432 689 quidam

146 702 381 743 reprehendunt,
405 713 468 735 non
490 703 661 735 convenisse
683 703 717 734 in
740 703 835 734 ruina
858 705 887 734 et
908 702 1001 734 exitio
1024 702 1157 734 civitatis
1182 702 1325 734 Venerem
1347 713 1431 735 roseo
1452 711 1485 734 10

147 766 200 787 ore
222 756 305 796 loqui
328 767 397 788 cum
420 756 499 797 filio,
522 757 699 797 iqnorantes
721 755 776 787 hoc
798 755 948 796 epitheton
974 755 1083 787 Veneri
1106 765 1167 787 esse
1184 758 1374 796 perpemum.

147 818 299 841 msvrsn
323 821 432 851 super,
457 810 542 852 quod
566 810 771 841 continuerat
793 819 871 841 eum.

237 863 311 895 594.
348 871 543 896 INDOMITAS
567 873 703 905 magnas
731 873 822 894 nunc.
868 865 896 894 et
919 861 1018 902 ‘quis'
1046 872 1109 894 mm
1136 862 1217 894 nulli
1245 862 1434 895 admirantis

147 915 255 948 volunt
275 926 350 958 esse,
373 927 436 948 non
459 916 687 957 interroyantis.

238 970 312 1002 595.
339 971 436 1008 ‘QVID
465 978 566 1002 vas
597 972 654 1001 aut
685 970 761 1011 quia
789 969 880 1001 furor
910 971 960 1001 est
992 969 1098 1001 virum
1127 969 1247 1001 fortem
1277 980 1370 1001 ruere
1400 970 1434 1001 in
1455 977 1486 1001 15

149 1022 295 1054 mulieris
318 1023 502 1055 interitum:
526 1026 582 1055 aut
604 1023 691 1064 ‘quid
710 1022 815 1063 furis’,
843 1034 912 1055 eum
934 1023 1082 1055 extinctos
1103 1023 1199 1055 socios
1220 1024 1338 1064 videas,
1361 1023 1434 1055 velle

145 1086 295 1117 pugnare.
340 1079 369 1108 et
390 1076 466 1108 bcmo
489 1077 576 1108 verbo
597 1087 674 1109 usus
695 1079 750 1115 est,
778 1077 881 1108 virum
904 1076 1015 1116 fortem
1037 1086 1058 1107 a
1074 1077 1193 1116 proelio
1216 1087 1366 1108 revocans.

150 1137 278 1161 Nos'rm
307 1138 397 1161 cvle
428 1131 461 1160 et
490 1129 552 1161 hoc
582 1129 669 1168 loco,
698 1131 737 1161 ut
765 1130 861 1171 solet,
892 1140 989 1161 unam
1018 1140 1052 1161 se
1082 1129 1121 1161 de
1148 1130 1278 1161 Aeneae
1306 1129 1434 1161 familia

149 1182 245 1214 facit:
269 1184 307 1214 ut
331 1182 368 1223 <1
391 1182 478 1223 251>
506 1182 618 1214 unius
647 1183 693 1214 ob
721 1182 818 1214 iram
846 1182 1053 1224 prodimur.
1101 1181 1238 1214 ‘nostri'
1263 1185 1372 1214 autem
1401 1185 1434 1215 et

150 1235 284 1268 ‘vestri'
309 1236 478 1277 genetivus
501 1235 637 1277 pluralis
662 1237 712 1267 est
736 1236 889 1277 antiquus
914 1238 947 1267 et
971 1246 1009 1267 ex
1032 1234 1155 1267 Graeco
1179 1236 1324 1277 veniens,
1349 1236 1432 1268 sicut
1451 1244 1485 1267 20

150 1289 328 1331 singularis
352 1292 403 1321 est
426 1288 512 1321 ‘mis'
537 1291 570 1320 et
593 1288 669 1321 ‘tis'.
705 1300 771 1321 non
791 1291 840 1321 est
860 1291 969 1320 autem
992 1289 1224 1330 possessivum,
1248 1289 1305 1320 sed
1329 1290 1369 1321 ab
1396 1301 1433 1321 eo

150 1342 235 1384 quod
263 1344 314 1374 est
342 1341 444 1384 ‘nos',
472 1344 506 1374 et
533 1342 595 1374 hoe
623 1345 674 1374 est
702 1342 787 1374 unde
815 1343 950 1374 dicimus
976 1342 1097 1374 ‘nostri
1121 1353 1218 1374 causa
1241 1342 1344 1384 facit',
1372 1342 1434 1375 hoc

150 1398 201 1428 est
224 1395 415 1428 ‘nostrum’.

240 1449 314 1481 597.
352 1457 506 1480 SVPERET
531 1449 730 1490 supervivat,
753 1450 893 1489 supersit.

239 1502 313 1534 598.
350 1511 590 1541 ASCAmstvE
619 1511 712 1534 PvER
740 1501 840 1540 filius⁷
867 1503 904 1533 ut
933 1501 1003 1542 <IV
1026 1502 1091 1543 94>
1119 1504 1235 1544 tuque
1263 1513 1433 1548 puerque
1452 1510 1487 1533 25

224 1620 256 1644 19
275 1616 364 1644 nostri
384 1617 479 1643 autem
498 1617 527 1642 et
544 1616 630 1643 vestri
648 1625 671 1643 e.
687 1625 713 1650 q.
729 1616 762 1651 s.]
784 1616 817 1643 cf.
834 1616 942 1643 Gellius
959 1616 1011 1642 XX
1025 1620 1040 1643 6
1061 1617 1090 1643 et
1104 1616 1180 1643 Serv.
1200 1624 1300 1643 comm.
1319 1616 1349 1643 in
1363 1617 1432 1644 Don.

150 1661 177 1687 p.
197 1655 259 1686 410,
278 1655 320 1679 35.
349 1655 410 1686 436,
430 1654 454 1679 5.
484 1654 544 1685 502,
563 1655 579 1678 3
595 1652 627 1679 Κ.

150 1759 238 1785 bonas
256 1759 351 1793 partes
371 1757 487 1785 deduxit
505 1758 593 1784 Lione
611 1760 673 1785 teste
692 1758 755 1785 add.
776 1758 912 1791 Guelferb.
929 1758 950 1783 I
961 1759 971 1791 ΙΙ
985 1767 1159 1784 Ριιᾼειιιιιιενιι
1179 1757 1245 1784 GM
1256 1759 1265 1792 ΙΙ
1279 1768 1432 1784 ruant-:nsvin

150 1794 197 1856 {33
215 1794 513 1857 ῗεῖἑῖζιῗιξὲὶιὲἒη
525 1789 756 1863 tfflfflffl
777 1793 895 1855 ‘5232ss
908 1793 1203 1869 iiffiufflssffifft'affi
1221 1794 1267 1855 “112¹
1278 1793 1431 1855 affigam„

133 1863 289 1899 ⁴sublatos]
315 1866 348 1891 ut
366 1865 440 1891 enim
460 1864 566 1891 dictum
586 1866 629 1891 est
651 1873 747 1891 versus
770 1864 835 1891 illos
860 1864 908 1898 qui
931 1865 1056 1898 superius
1078 1864 1168 1891 notati
1192 1865 1257 1890 sunt
1279 1864 1345 1891 hinc
1367 1872 1432 1891 con-

151 1901 209 1927 stat
227 1909 285 1927 esse
305 1901 430 1927 sublatos
451 1899 474 1926 O
485 1901 494 1934 ΙΙ
508 1903 523 1926 2
544 1900 670 1926 sublatus
688 1900 720 1926 Η
732 1901 741 1934 ΙΙ
756 1902 771 1926 5
791 1908 927 1933 posquam
945 1900 971 1925 L
984 1901 994 1934 ΙΙ
1008 1904 1023 1926 6
1042 1908 1137 1926 uersos
1151 1899 1176 1925 L
1195 1900 1274 1932 (corr.
1291 1900 1310 1933 l)
1324 1900 1333 1934 ΙΙ
1347 1899 1432 1926 fuisse

153 1936 196 1970 011
210 1936 328 1963 sublatis
348 1936 381 1962 H
395 1937 405 1970 11
425 1939 439 1962 7
459 1936 605 1962 declarant
624 1935 709 1962 G'Hl:
737 1935 862 1962 declarat
880 1935 906 1961 L
933 1936 1092 1962 monstrant
1111 1935 1182 1961 ME
1198 1936 1207 1969 ΙΙ
1230 1935 1392 1969 tyndarides
1412 1935 1436 1961 0

150 1971 295 2006 tvm-iridis
314 1972 339 1998 L
359 1973 438 2005 (corr.
459 1972 478 2005 l)
497 1971 507 2004 ΙΙ
526 1975 542 1998 8
561 1971 700 1998 lacaenae.
739 1979 804 1997 sane
823 1970 938 2004 quidam
958 1991 963 1996 .
985 1992 990 1997 .
1011 1992 1016 1997 .
1038 1979 1133 1998 Ae1a01.
1172 1980 1255 1997 nesso
1273 1971 1391 2005 pulchro
1412 1970 1435 1997 Ο

151 2008 186 2040 cf.
206 2008 243 2034 acl
261 2016 285 2033 v.
306 2010 354 2034 601
375 2008 384 2040 ΙΙ
408 2010 423 2033 9
443 2007 480 2033 ad
498 2015 523 2033 v.
543 2010 593 2033 593
614 2007 742 2041 Insuper]
762 2014 856 2040 super,
878 2006 952 2040 quod
971 2004 1149 2038 continuerat
1166 2014 1238 2033 eum.
1260 2006 1287 2032 P
1305 2007 1315 2040 ΙΙ
1334 2014 1432 2040 perpe-

151 2044 231 2077 tuum
255 2042 401 2076 epitheton
420 2042 536 2069 Veneris
554 2051 604 2069 om
626 2042 649 2068 O
669 2043 678 2076 ΙΙ
707 2045 739 2068 13
765 2044 793 2068 et
812 2041 874 2075 quis
894 2063 900 2069 .
921 2062 927 2068 .
948 2062 954 2068 .
973 2041 1171 2076 interrogantis
1192 2042 1348 2068 Masvicius
1366 2041 1432 2075 quid

151 2078 271 2104 scribens
291 2086 343 2112 pro
362 2078 424 2112 quis
447 2081 507 2111 post
526 2086 659 2105 revocans
679 2078 738 2111 (lin.
760 2079 805 2110 17)
824 2078 971 2103 collocavit.
994 2078 1004 2112 ΙΙ
1033 2080 1065 2104 15
1085 2078 1122 2104 ad
1140 2086 1163 2104 v.
1184 2080 1235 2103 595
1261 2076 1333 2109 Quid
1351 2076 1431 2111 furis]

151 2113 229 2140 furor
248 2113 322 2140 enim
340 2114 464 2140 uirorum
484 2115 532 2141 est.
572 2112 682 2140 ‘nostri’
705 2114 798 2140 autem
818 2114 846 2139 et
866 2112 974 2139 ‘uestri’
982 2113 1114 2160 genitiui
1134 2112 1258 2147 plurales
1277 2113 1343 2139 sunt
1360 2112 1432 2139 anti-

152 2149 213 2183 qui,
233 2157 267 2176 ex
284 2149 393 2183 graecis
411 2149 570 2182 uenientes,
589 2149 662 2175 sicut
681 2149 830 2183 singularis
850 2148 921 2175 est‘
925 2147 990 2174 mis’
1012 2149 1040 2174 et
1061 2148 1130 2175 ‘tien
1163 2157 1219 2175 non
1238 2149 1281 2175 est
1299 2147 1432 2182 possessi-

152 2193 231 2218 uum,
251 2185 300 2211 sed
319 2193 336 2211 a
356 2185 429 2212 εἰιοιι
450 2184 540 2217 uenit,
560 2186 592 2211 ut
610 2184 728 2211 dicimus
749 2183 850 2211 ‘nostri
864 2192 949 2210 causa
962 2183 1053 2218 facit',
1072 2184 1127 2211 hoc
1146 2185 1189 2211 est
1209 2183 1367 2210 ‘nostrumz
1385 2183 1413 2209 P
1425 2183 1434 2217 Ιί

152 2219 229 2246 furor
248 2221 291 2246 est
311 2219 362 2246 GL
389 2220 512 2247 furorem
531 2205 565 2246 Η
594 2220 694 2246 furoris
714 2221 756 2247 est
775 2219 846 2246 ME
866 2219 876 2253 ss
905 2222 937 2245 16
956 2219 1072 2252 fortasse
1095 2228 1158 2246 cum
1181 2218 1318 2246 extinctos
1342 2218 1432 2245 socios

152 2255 250 2282 videns
264 2256 334 2282 velis
349 2264 481 2290 pugnare
496 2257 515 2296 H,
519 2256 598 2282 uides
613 2257 732 2282 enotavit
746 2256 827 2288 Sciop
808 2256 892 2289 ppius
906 2256 963 2289 {1³20
978 2255 1102 2289 antiquis
1116 2255 1141 2281 L
1156 2256 1236 2289 (corr.
1249 2255 1269 2288 l)
1283 2256 1292 2287 ΙΙ
1307 2253 1431 2287 veniens]

152 2290 322 2317 descendens
343 2291 380 2317 M
396 2292 406 2325 ss
424 2294 456 2318 21
477 2291 530 2318 mis
550 2300 582 2318 ex
601 2291 668 2317 miss
689 2291 712 2318 0
736 2290 800 2326 mir,
817 2290 851 2316 H
866 2291 875 2324 ss
893 2290 982 2317 habeo
1003 2290 1026 2317 0
1041 2292 1051 2324 ΙΙ
1072 2293 1105 2317 22
1124 2298 1175 2317 nos
1194 2299 1243 2317 om.
1263 2290 1297 2315 H
1311 2291 1320 2323 ΙΙ
1344 2292 1378 2315 24
1396 2289 1434 2315 ad

152 2335 176 2353 v.
197 2326 398 2395 ὃθΊθΞιιρεῑθῈ]
419 2327 546 2361 supersit.
568 2327 595 2352 P
609 2328 618 2360 ss
640 2336 754 2353 svm-:nar
773 2335 805 2353 ea:
825 2335 952 2359 svranxr,
972 2328 1004 2352 ut
1021 2326 1142 2358 videtum
1161 2326 1186 2351 L
1204 2327 1214 2359 ΙΙ
1235 2324 1390 2358 superuiuit
1408 2324 1434 2350 L

153 2363 225 2396 (corr

206 2410 283 2430 Servii
297 2415 376 2430 comm.
391 2411 443 2432 vol.
459 2411 478 2431 1.
493 2412 557 2431 Faue.
572 2411 590 2431 Ι.
1186 2408 1219 2431 20
