1630 2684
461 148 575 188 OQMM.
595 149 634 175 IN
654 148 760 175 VERG.
780 148 863 177 AEN.
884 149 903 176 Ι.
925 152 1072 176 121-128.
1359 150 1401 182 57

123 229 258 264 *veteres
287 231 367 264 enim
395 240 513 262 omnem
540 240 656 270 aquam
683 230 809 262 imbrem
839 230 984 262 dicebant.
1033 232 1160 264 Ennius
1188 232 1315 264 imbrem
1341 242 1402 273 pro

122 295 205 326 aqua
223 285 348 317 marina
365 283 582 324 ratibusque
598 284 780 324 fremebat
797 284 911 316 imber
931 284 1129 325 Neptuniss
1207 294 1401 318 FATISGVNT

123 338 322 371 abundanter
350 337 553 379 aperiuntur;
590 337 716 369 ‘fatim'
742 338 827 369 enim
852 338 1053 370 abundanter
1075 338 1225 380 dicimus,
1259 340 1341 371 unde
1370 341 1402 372 et

122 391 270 432 adfatim,
294 390 416 422 hiscere
441 392 549 422 autem
574 390 705 432 aperiri,
728 391 852 429 verbum
871 391 1130 432 frequentativum
1153 392 1191 424 ab
1214 392 1309 424 hiare.

213 443 284 476 125.
321 456 452 476 Emeum
463 456 583 476 mrum!
602 444 651 476 hie
679 445 816 485 apertius
844 447 1045 485 tempestatem
1068 446 1204 478 declarat
1231 446 1403 486 significari
1421 453 1436 476 5

121 507 158 530 a
180 496 296 529 Graeco
302 509 314 533 ;
341 507 416 528 nam
443 499 473 528 et
498 497 548 529 illi
575 497 720 539 χειμῶνα
750 500 951 538 tempestatem
981 499 1094 530 dicunt.
1141 502 1169 531 et
1196 499 1266 532 bene
1293 502 1403 531 veteres

119 550 219 583 nostri
246 549 390 582 ‘hiemem
417 550 510 582 anni'
539 551 689 590 dicebant,
719 562 757 583 ne
786 554 943 592 tempestas
966 555 1067 592 posset
1092 553 1234 594 intellegi.
1330 562 1401 585 IMIS

120 604 202 636 bene
235 603 268 635 in
301 604 366 636 imo
397 604 501 636 voluit
534 615 604 636 esse
637 605 838 647 Neptunum,
871 608 908 637 ut
940 606 1005 637 iam
1039 607 1158 638 factam
1192 609 1402 649 cognosceret

119 658 362 699 tempestatem,
385 669 450 690 non
474 658 683 699 incipientem
706 660 841 691 vetaret.

212 711 283 743 126.
321 719 458 743 STAGNA
487 714 638 754 stagnum
662 711 780 744 dicitur
804 724 887 754 aqua
911 714 1017 755 stans,
1046 713 1101 745 sed
1129 724 1214 745 nunc
1242 713 1402 755 profunda
1422 722 1454 745 10

121 764 219 796 maris
244 764 406 806 significat
434 765 473 797 ab
503 776 554 806 eo,
584 765 668 806 quod
692 776 758 797 11011
780 765 844 797 nisi
871 766 973 798 nimia
1000 767 1195 807 tempestate
1218 766 1400 798 turbantur.

121 827 198 859 ergo
223 817 372 859 ‘stagna'
397 819 429 850 et
454 817 543 850 ‘imis
567 818 658 850 vadis
682 818 806 851 refusa'
831 819 918 851 aliud
941 819 1060 861 pendet
1084 831 1121 851 ex
1146 820 1226 862 alio,
1254 820 1330 862 quia
1354 820 1400 851 in-

120 871 251 903 mobilis
276 882 359 913 aqua
382 872 416 903 in
439 872 504 903 imo
529 872 626 904 maris
645 872 870 904 tantummodo
891 875 953 915 est,
975 883 1070 914 quam
1089 875 1160 905 tune
1178 873 1217 905 ab
1235 874 1297 905 imo
1316 876 1400 905 motu

119 925 196 956 dicit
211 935 272 957 esse
291 925 453 957 turbatam.
545 938 691 958 GRAVITER
713 939 864 958 comtows
885 929 1052 967 opportune
1066 927 1245 968 Neptunum
1259 928 1307 959 ait
1324 938 1400 959 eom-

66 1016 76 1026 .
119 981 236 1010 monim
263 989 331 1010 eum
359 980 463 1011 maria
491 979 667 1018 turbantur,
695 981 771 1020 quia
796 980 977 1021 plerumque
1003 983 1111 1021 poetae
1139 980 1318 1022 Neptunum
1341 991 1400 1022 pro
1421 989 1453 1013 15

120 1032 203 1063 mari
225 1035 357 1072 ponunt.
446 1042 491 1064 ΕΤ
520 1041 612 1065 Amo
641 1042 868 1066 PROSPICIENS
900 1035 956 1066 aut
986 1046 1002 1066 e
1030 1034 1114 1066 mari
1142 1035 1270 1076 erigens
1299 1036 1404 1075 caput,

122 1087 178 1117 aut
209 1086 292 1117 mari
324 1086 508 1127 providens.
553 1087 679 1127 quidam
709 1086 803 1118 ‘alto'
832 1088 912 1119 eaelo
941 1088 1111 1129 accipiunt,
1143 1088 1217 1129 quia
1247 1088 1293 1119 ait
1323 1087 1404 1119 ‘iam

121 1139 238 1171 eaelum
262 1141 433 1181 terramque
441 1139 461 1172 ⁹.

214 1193 283 1226 127.
320 1202 501 1226 PLACIDVM
517 1203 627 1226 CAPVT
648 1196 807 1236 quaerunt
821 1195 917 1226 multi
937 1195 1205 1237 quemadmodum
1226 1194 1404 1236 ‘placidum

121 1246 238 1289 eaput’,
261 1246 290 1278 si
313 1246 473 1289 ‘graviter
497 1246 717 1279 commotus'?
742 1247 835 1289 quasi
857 1259 924 1280 non
946 1249 1054 1290 possit
1077 1249 1161 1290 fieri,
1184 1251 1221 1281 ut
1244 1249 1404 1281 irascatur
1424 1257 1457 1280 20

121 1300 239 1342 ventis,
266 1300 425 1342 propitius
455 1301 499 1332 sit
522 1300 681 1332 Troianis.
727 1312 790 1332 uno
815 1303 924 1333 autem
949 1302 1095 1343 epitheto
1121 1313 1209 1334 more
1233 1313 1290 1334 suo
1314 1301 1404 1334 habi-

121 1355 192 1385 tum
214 1353 343 1386 futurae
366 1354 522 1386 orationis
547 1354 704 1395 ostendit,
728 1356 764 1386 ut
784 1354 864 1386 alibi
883 1366 947 1386 uno
967 1366 1113 1387 sermone
1138 1355 1223 1387 ‘tum
1247 1366 1404 1397 quassans

122 1406 243 1448 caput'.
333 1420 541 1445 PLACIDVMQVE
562 1409 665 1448 onufr]
695 1408 849 1449 *epitheta
871 1409 937 1440 alia
960 1409 1123 1441 naturalia
1151 1411 1237 1451 sunt,
1270 1409 1336 1440 alia
1363 1409 1406 1440 acl

124 1462 248 1501 tempus.
294 1464 322 1493 et
345 1460 522 1502 ‘placidum’
545 1464 581 1493 ut
597 1462 741 1493 naturale
756 1462 896 1502 Neptuni
914 1465 970 1504 est,
993 1463 1040 1494 ita
1064 1461 1208 1503 ‘yraviter
1227 1461 1403 1494 eommotus'

122 1514 166 1546 ad
187 1516 303 1555 tempus
325 1514 360 1546 ob
381 1515 499 1554 factam
523 1513 759 1556 tempestatem*
1423 1524 1456 1548 25

214 1567 286 1599 128.
322 1580 480 1600 DISJECTAM
490 1581 610 1600 AENEAE
623 1581 645 1600 T.
667 1581 687 1601 V.
701 1582 727 1600 A.
743 1581 765 1600 c.
793 1568 842 1600 hic
865 1569 994 1601 ostendit
1017 1569 1149 1601 Aeolum
1177 1569 1283 1601 omnia
1306 1569 1404 1601 Iuno-

121 1621 173 1653 nis
189 1623 353 1661 praecepta
376 1622 543 1662 complesse.
588 1632 664 1653 nam
687 1621 931 1662 ‘submersasque
954 1623 1044 1654 obrue
1060 1622 1195 1663 pumoes'
1220 1623 1255 1654 in
1279 1622 1405 1655 Orontis

121 1674 329 1715 sociorumque
355 1675 420 1706 eius
446 1675 592 1712 interitu;
621 1674 693 1707 ‘aut
719 1686 774 1716 aye
801 1676 937 1708 diversas
962 1679 990 1708 et
1016 1677 1124 1708 dissice
1146 1687 1274 1717 corpora
1290 1675 1403 1717 ponto'

124 1727 296 1760 ‘disiectam
318 1728 441 1760 Aeneae
463 1730 522 1760 toto
545 1729 626 1760 videt
646 1738 775 1769 aequore
797 1728 947 1761 classem’.
1288 1737 1290 1739 '

195 1863 208 1886 1
234 1860 351 1895 Ennius]
375 1869 438 1886 ann.
463 1860 511 1887 rel.
531 1870 558 1894 p.
577 1864 609 1887 73
628 1860 710 1887 Vahl.
734 1861 743 1894 11
767 1864 782 1887 2
806 1870 950 1888 mriscvm
974 1861 1149 1888 abundanter
1171 1862 1344 1897 aperiuntur]
1370 1861 1404 1888 cf.

123 1896 203 1923 Luct.
222 1895 298 1923 Plac.
319 1896 403 1930 gloss.
422 1905 449 1930 p.
469 1899 512 1930 48,
531 1899 548 1922 4
567 1896 748 1930 Ι)01101·1.1122
768 1897 840 1931 tum]
862 1897 894 1924 A.
915 1896 967 1923 VII
987 1901 1037 1937 292

196 2024 209 2047 1
226 2020 331 2047 Ennius
346 2041 352 2047 .
369 2041 375 2048 .
391 2041 397 2047 .
412 2021 537 2055 Neptuni
553 2021 606 2047 huc
624 2021 796 2054 transposui,
811 2023 876 2054 post
893 2021 975 2048 imbri
995 2022 1035 2056 (p.
1052 2024 1095 2055 56,
1110 2023 1155 2056 26)
1173 2022 1252 2049 habet
1268 2022 1291 2049 C'
1306 2023 1316 2057 11
1334 2025 1349 2049 5
1369 2024 1407 2050 ad

124 2065 149 2084 v.
161 2059 211 2083 125
227 2056 365 2084 Emissam
376 2056 509 2092 hiemem]
521 2057 617 2091 aperte
630 2056 675 2082 1110
687 2056 811 2083 declarat
819 2057 1016 2091 tempestatem
1033 2057 1183 2092 significari
1242 2058 1345 2085 dicunt.
1358 2058 1386 2084 P
1399 2059 1405 2093 11

126 2095 144 2128 (ξ
162 2100 282 2119 xemwua
303 2091 327 2119 0
351 2101 454 2119 innume
478 2093 505 2118 P
526 2093 536 2126 11
561 2095 592 2118 10
612 2093 649 2119 ad
667 2100 690 2118 v.
709 2095 758 2118 126
774 2092 892 2133 Stagna]
913 2093 1042 2127 stagnum
1061 2093 1163 2120 dicitur
1182 2115 1187 2120 .
1204 2116 1209 2121 .
1226 2115 1232 2121 .
1251 2094 1355 2128 pendet
1373 2103 1407 2120 ex

125 2127 190 2154 alio.
226 2127 268 2153 Ex
293 2127 352 2154 alto
371 2127 556 2162 prospiciens]
582 2127 692 2162 erigens
716 2128 808 2161 caput.
846 2127 959 2161 quidam
982 2128 1062 2155 ‘alto’
1085 2129 1162 2156 cneio
1182 2129 1332 2163 accipiunt.
1354 2130 1382 2155 P
1398 2130 1406 2164 11

128 2165 160 2189 12
179 2163 270 2197 pende
284 2163 317 2189 K
327 2163 337 2196 11
352 2166 384 2190 13
404 2163 454 2190 imi
467 2164 500 2190 H
511 2164 520 2197 11
537 2167 568 2190 19
588 2164 625 2190 ad
638 2172 662 2190 v.
678 2166 728 2190 127
748 2163 894 2190 Placidum
914 2163 1010 2199 caput]
1031 2173 1086 2198 quo
1105 2165 1189 2192 modo
1208 2165 1361 2200 placidum,
1383 2165 1406 2191 si

125 2198 250 2232 grauiter
269 2200 441 2226 commotus?
474 2199 555 2233 quasi
577 2207 634 2225 non
657 2198 780 2233 potuerit
799 2198 871 2233 fieri,
896 2199 928 2225 ut
946 2199 1114 2226 irasceretur
1132 2200 1288 2234 (irascetur)
1307 2200 1406 2234 uentis,

125 2234 357 2303 ffiffiisstssffiet
368 2234 967 2304 {Zssegui'ffiassithee‘t'ss‘tffsstiffluiiffa?
970 2235 1406 2305 1111131ξῖ12·Αᾱὶῖῦιέἣῖξῖἒ

126 2304 205 2332 theta
224 2305 297 2332 enim
318 2326 324 2332 .
340 2326 345 2331 .
362 2326 367 2332 .
388 2305 424 2332 ob
442 2305 547 2332 factam
565 2306 764 2340 tempestatem
783 2306 870 2332 eoclem
890 2314 942 2340 quo
962 2306 989 2332 P
1006 2307 1062 2333 loeo
1081 2307 1159 2333 habet
1175 2307 1223 2342 0³⁸)
1237 2308 1246 2341 11
1261 2308 1406 2341 201101110-

125 2339 162 2366 rit
181 2340 219 2366 C*
231 2341 241 2375 11
254 2341 420 2368 irasceretur
440 2341 477 2368 0*
491 2342 501 2375 11
520 2344 552 2368 21
573 2341 618 2376 sit]
640 2350 700 2368 esse
716 2341 753 2367 G*
767 2342 776 2376 11
790 2341 935 2376 epitheton
954 2342 1023 2368 KH
1048 2342 1193 2377 epitheton
1212 2343 1238 2368 L
1255 2343 1265 2376 11
1285 2345 1319 2369 22
1338 2343 1406 2377 11110]

127 2383 180 2401 unc
199 2375 237 2408 L,
255 2377 320 2402 inde
338 2376 391 2404 hoc
410 2377 442 2411 111
455 2377 522 2403 tunc
543 2377 610 2402 KH
619 2377 629 2411 11
644 2379 677 2402 28
697 2376 889 2411 sociorumque
909 2378 1078 2404 Masvicius:
1097 2386 1277 2412 sororumque
1297 2377 1321 2404 G
