1630 2684
418 176 530 204 COMM.
550 177 716 214 INNVERG.
736 177 820 205 AEN.
840 179 860 204 1.
881 181 1031 206 212—218.
1322 179 1364 211 83

43 290 46 296 r
79 257 154 298 yati.
246 266 323 289 FVSI
346 257 534 298 polysemus
560 269 665 290 sermo
691 261 748 290 est.
777 258 941 301 significat
961 260 1047 291 enim
1066 262 1099 291 et
1117 260 1365 302 discumbentes,

82 312 119 342 ut
141 309 204 341 hoc
226 310 310 351 loco,
339 312 371 341 et
398 310 530 352 fugatos
555 313 588 342 et
616 311 749 343 occisos.
794 322 869 344 sane
896 313 986 344 iuoeta
1014 314 1156 353 temporis
1179 314 1229 345 sui
1251 324 1365 346 morem

81 362 136 395 hoc
160 363 221 395 loco
244 363 460 395 discumbentes
483 365 614 406 inducit,
637 375 712 396 nam
736 365 810 397 olim
830 367 962 398 sedentes
986 367 1062 398 vesci
1084 370 1308 408 consueverant,
1332 370 1367 399 ut

81 414 146 458 ipse
167 417 307 448 meminit
332 417 595 457 qramineoque
617 419 717 450 viros
749 419 846 450 locat
874 419 952 459 ipsc
980 419 1092 451 sedili
1121 422 1149 451 et
1173 422 1366 460 perpetuis

81 470 187 502 soliti
202 472 331 510 patres
353 470 544 502 considere
566 472 712 503 mensis.

169 523 243 555 215.
276 531 480 555 INPLENTVR
513 523 639 565 inpleor
671 525 751 557 duos
785 536 877 557 casus
910 526 1009 567 regit3
1042 525 1177 557 dicimus
1211 526 1297 558 enim
1332 530 1365 558 et

81 576 207 618 inpleor
239 575 328 607 illius
357 577 418 618 rei,
449 578 485 608 ut
513 575 626 609 Cicero
661 578 855 619 squaloris
886 578 1023 620 plenus
1053 590 1094 610 ac
1125 579 1298 620 pulveris
1332 582 1364 611 et

80 629 208 671 inpleor
233 629 292 661 illa
315 641 364 671 re,
388 632 424 662 ut
447 629 611 662 Iuvenalis
636 631 780 663 lectica
799 631 998 664 Mathonis
1022 632 1137 673 plena
1161 632 1255 673 ipso.

81 691 232 715 FERINAE
261 683 346 715 feras
376 683 512 716 dicimus
537 686 595 715 aut
617 684 704 726 quod
732 685 821 716 omni
850 696 983 727 corpore
1007 685 1168 726 feruntur,
1198 687 1254 717 aut
1278 687 1362 728 quod

78 736 219 769 naturali
243 739 378 769 utuntur
401 737 555 769 libertate
579 740 611 769 et
634 750 692 779 pto
715 738 874 771 desiderio
899 751 957 770 suo
977 739 1135 770 feruntur.
1162 749 1236 771 sane
1253 742 1362 772 veteres

73 800 171 831 prope
193 800 296 822 omnes
314 791 524 831 quadrupedes
544 792 630 831 feras
652 792 802 831 dicebant,
824 795 860 824 ut
881 793 992 833 inque
1013 792 1087 832 feri
1110 802 1258 823 curvam
1281 803 1363 824 con-

73 843 235 885 paqibus
256 843 380 876 alvum
403 845 583 877 contorsit
606 848 634 877 et
655 846 879 878 armentalis
901 856 1013 886 equae
1031 845 1197 877 mammis
1216 848 1248 877 et
1271 846 1363 877 lactc

76 897 211 937 ferino.
758 891 761 894 ”

168 951 242 983 216.
275 959 461 989 POSTQVAM
481 960 648 983 ΕΧΕΜΡΤΑ
669 962 781 984 FAMES
802 955 895 985 caute
915 953 949 984 in
964 952 1132 984 maestitia
1147 952 1227 983 cibis
1243 952 1362 984 famem

79 1006 262 1048 exemptam
290 1004 383 1045 dicit,
411 1005 444 1036 id
469 1006 518 1036 est
540 1005 703 1047 fugatam,
731 1017 798 1038 11011
827 1006 1030 1038 affluentiam
1059 1005 1250 1047 quaesitam.
1296 1007 1363 1038 Ho-

78 1068 181 1090 merus
203 1053 327 1098 αὐτὰρ
352 1056 434 1089 ἐπεὶ
458 1056 597 1096 πόσιος
620 1058 683 1090 καὶ
709 1057 876 1100 ἐδητύος
906 1059 943 1098 ἐξ
967 1060 1060 1101 ἔρον
1085 1058 1185 1090 ἕντο.
1276 1069 1363 1091 ΜΕΝ-

80 1119 216 1150 SAEQVE
241 1119 406 1143 REMOTAE
432 1111 509 1153 quia
532 1111 617 1153 apud
642 1113 782 1144 maiores
806 1113 895 1154 ipsas
920 1113 1128 1154 apponebant
1151 1123 1280 1144 mensas
1304 1124 1362 1154 pro

79 1164 190 1197 discis:
223 1164 307 1196 unde
336 1167 386 1196 est
417 1167 455 1196 et
483 1177 636 1197 mensae
665 1167 778 1207 grata
809 1165 1006 1198 secundae.
1052 1165 1242 1197 duas-enim
1266 1165 1362 1197 habe-

79 1218 160 1250 bant
182 1228 324 1250 mensas:
350 1230 448 1250 unam
477 1219 596 1259 carnis,
628 1219 762 1250 alteram
790 1230 972 1260 pomorum.
1017 1229 1092 1250 sanc
1120 1218 1287 1258 aliquando
1314 1220 1362 1251 in-

77 1263 360 1304 duo-it'luoeuriosas
382 1272 488 1312 epodas
506 1274 702 1313 postquam
721 1273 849 1313 prima
878 1272 980 1312 quies
1007 1272 1127 1312 epulis
1149 1281 1364 1312 mensaeque

77 1327 247 1357 remotae.
338 1334 484 1357 AMISSOS
508 1336 574 1357 11011
597 1336 631 1356 re
656 1336 746 1366 vera,
771 1325 826 1356 sed
851 1327 887 1356 ut
910 1325 968 1357 illo
992 1326 1139 1366 tempore
1163 1325 1332 1365 putabant.

168 1377 242 1410 218.
275 1390 368 1414 SPEMQ
375 1391 410 1410 νε
422 1391 586 1414 ΜΕΤνΜρνΕ
599 1391 687 1411 mma
702 1391 788 1410 DVBJJ
808 1388 875 1418 spes
898 1378 1058 1416 bonorum,
1078 1380 1174 1409 metus
1193 1378 1362 1416 malorum;

77 1433 106 1462 et
127 1431 193 1477 ideo
216 1431 377 1463 subiunxit
404 1431 472 1464 ‘seu
495 1436 591 1464 vivere
618 1432 756 1472 credant,
783 1432 846 1463 sive
873 1433 1008 1463 extrema
1024 1430 1120 1471 pati'.
1166 1434 1194 1468 et
1219 1431 1274 1463 hoc
1301 1432 1362 1463 loco

79 1483 163 1516 ‘seu’
191 1495 251 1525 pro
279 1486 430 1516 utrumne.
476 1487 504 1516 et
531 1486 658 1525 quidam
687 1484 873 1516 commodius
901 1484 1052 1524 distinqui
1070 1486 1187 1524 putant
1209 1483 1363 1524 ‘spemque

154 1583 171 1606 4
189 1580 401 1615 gramineoque]
417 1582 449 1608 A.
465 1581 529 1607 VIII
546 1584 596 1608 176
610 1581 619 1615 ΙΙ
634 1584 648 1607 7
665 1581 774 1616 Cicero]
795 1580 823 1607 in
838 1580 915 1607 Verr.
931 1581 985 1607 act.
1002 1588 1054 1606 sec.
1070 1579 1109 1606 111
1125 1583 1167 1613 12,
1182 1582 1215 1606 31
1230 1580 1240 1613 fl
1253 1583 1269 1606 8
1284 1580 1361 1607 Iuve—

80 1615 164 1651 nalis]
185 1617 236 1643 sat.
256 1615 268 1641 I
289 1617 376 1650 32119
395 1616 469 1643 feras
488 1616 606 1643 dicimus
625 1625 648 1643 e.
663 1626 689 1650 q.
705 1616 739 1651 s.]
760 1624 846 1643 exscr.
866 1615 930 1642 Isid.
951 1624 990 1643 or¹
1010 1615 1062 1642 XII
1081 1618 1106 1649 2,
1125 1619 1140 1641 2
1161 1616 1190 1642 et
1209 1615 1265 1642 diff.
1285 1616 1360 1642 verb¹

79 1652 154 1686 248ss
170 1655 199 1678 11
220 1651 316 1686 inque]
337 1652 369 1678 A.
389 1651 415 1677 II
434 1654 465 1678 51
481 1653 491 1686 ΙΙ
507 1655 539 1679 12
559 1651 734 1687 armentalis]
754 1653 786 1678 A.
806 1651 844 1678 XI
863 1654 913 1678 571
929 1652 939 1685 ΙΙ
960 1654 991 1678 15
1010 1651 1159 1685 Homerus]
1181 1650 1231 1677 Od.
1251 1651 1263 1676 I
1284 1654 1335 1677 150
1353 1650 1362 1685 ΙΙ

80 1690 112 1714 18
131 1688 161 1713 01
178 1687 304 1722 mensae]
324 1688 356 1714 A.
376 1687 441 1714 vm
459 1690 511 1714 283
535 1689 545 1722 [Ι
568 1690 602 1714 20
621 1687 783 1722 postquam]
803 1687 835 1714 A.
855 1686 868 1712 Ι
888 1690 938 1713 723

150 1778 167 1802 4
185 1775 329 1810 propetuis
345 1776 369 1803 0
385 1777 464 1810 (corr.
480 1776 524 1810 0²)
539 1777 578 1810 115
595 1776 658 1818 Q
677 1778 771 1810 patres
791 1776 864 1809 0116
885 1776 921 1802 ad
939 1784 963 1802 v.
984 1779 1036 1802 215
1055 1775 1220 1809 Implentur]
1242 1775 1361 1809 impleor

79 1828 149 1855 duos
167 1837 248 1855 casus
267 1829 340 1863 regit
359 1828 513 1862 genitiuum
538 1830 567 1855 et
585 1830 750 1856 ablatiuum.
789 1828 907 1855 dicimus
935 1828 1009 1855 enim
1033 1828 1153 1862 impleor
1176 1828 1252 1854 illius
1272 1827 1312 1854 rei
1332 1830 1361 1854 et

78 1863 129 1891 illa
153 1873 183 1890 re
206 1865 246 1898 (re
265 1865 336 1898 om).
373 1864 502 1898 Ferinae]
527 1865 600 1891 feras
624 1865 742 1891 dicimus
766 1864 840 1898 quod
863 1863 1000 1890 desiderio
1026 1872 1075 1890 suo
1098 1863 1230 1890 feruntur,
1272 1871 1359 1896 prope

79 1908 174 1926 omnes
191 1899 385 1933 quadrupedes
404 1899 478 1926 feras
501 1900 644 1932 dicebant,
668 1902 699 1926 ut
721 1900 820 1933 ‘inque
839 1899 890 1926 feri
911 1899 1051 1925 curuam'.
1074 1899 1121 1932 Pu
1141 1901 1155 1924 7
1175 1897 1310 1933 pulveris]
1332 1899 1361 1924 et

79 1935 226 1962 Terentius
244 1935 344 1969 plenus
363 1935 496 1961 rimarum
512 1944 572 1962 sum
592 1937 655 1962 add.
671 1936 698 1961 Β
704 1935 729 1961 L
737 1936 774 1962 M
779 1935 821 1967 0³,
840 1935 896 1961 nisi
914 1935 986 1968 quod
1004 1935 1036 1960 ut
1050 1933 1196 1960 Terentius
1215 1933 1242 1959 B
1256 1934 1265 1967 ΙΙ
1280 1935 1295 1959 8
1314 1933 1357 1968 ut]

78 1970 132 1998 hoc
155 1970 217 1998 loco
242 1972 271 1997 et
294 1970 363 1997 alibi
381 1970 549 2004 plenamque
574 1971 684 2005 sagittis
703 1970 839 1997 Threiciis
860 1972 888 1996 et
907 1970 970 1996 add.
985 1969 1051 1995 ΒΗ
1055 1970 1091 1996 Μ
1098 1969 1143 2002 0⁸,
1162 1969 1219 1995 nisi
1237 1969 1310 2002 quod
1328 1971 1360 1995 ut

79 2005 148 2033 alibi
171 2006 214 2038 H,
241 2006 353 2033 theiciis
372 2006 438 2032 BH
462 2006 588 2033 thraiciis
613 2007 650 2032 M
675 2006 792 2032 Tireciis
812 2005 858 2032 0³.
896 2005 946 2031 illa
969 2013 998 2032 re
1022 2005 1063 2031 ait
1085 2004 1165 2031 allibi
1190 2004 1358 2038 plenamque

79 2041 176 2076 sagitis
199 2041 310 2068 theiciis
335 2043 364 2068 et
386 2042 523 2068 iuuenalis
543 2042 569 2067 L
588 2043 630 2074 (ut
648 2042 702 2068 hoc
720 2041 783 2068 loco
806 2042 838 2067 in
856 2049 941 2074 marq.
960 2041 1050 2074 suppl.
1071 2041 1087 2066 l.
1125 2041 1194 2066 idem
1213 2039 1254 2066 ait
1277 2040 1309 2065 in
1327 2040 1360 2066 ut

79 2079 103 2103 et
120 2077 231 2104 theiciis
250 2078 281 2103 in
299 2077 423 2104 threiciis
442 2078 578 2110 mutavit.)
601 2078 610 2111 ΙΙ
633 2077 772 2103 quenalis
791 2076 892 2103 lectica
910 2075 1051 2102 Mathonis
1071 2084 1120 2102 om.
1140 2075 1167 2101 Β
1187 2075 1197 2109 ΙΙ
1219 2075 1321 2101 laetica
1338 2074 1362 2101 0

79 2112 211 2148 lecticasss
228 2114 267 2147 (m
285 2115 316 2139 ut
334 2113 443 2139 videtur
461 2114 551 2146 erasa)
571 2113 597 2139 L
617 2113 746 2139 lecticam
765 2112 798 2138 H
808 2112 818 2145 ΙΙ
832 2111 948 2138 adbonis
968 2111 1034 2137 LH
1050 2110 1201 2145 (mathonis
1220 2110 1239 2143 l)
1253 2111 1263 2143 u
1277 2110 1361 2144 plena

79 2147 141 2182 ipso
160 2149 191 2175 ai
209 2148 238 2175 in
257 2148 368 2175 uenitur
387 2148 414 2174 B
427 2149 437 2182 ΙΙ
456 2151 471 2174 9
491 2148 619 2183 corpore]
639 2150 766 2182 tempore
790 2147 816 2173 L
830 2147 839 2181 ΙΙ
859 2150 891 2174 10
913 2155 963 2180 pro
982 2155 1032 2173 om.
1054 2146 1077 2173 0
1094 2146 1168 2180 (add.
1189 2145 1232 2179 0³)
1247 2146 1256 2179 ΙΙ
1272 2148 1304 2171 14
1324 2146 1360 2172 ad

79 2191 104 2209 v.
119 2186 170 2210 216
190 2183 342 2217 Postquam
358 2184 499 2218 exempta]
516 2184 620 2218 fugata.
650 2184 705 2210 non
724 2182 898 2209 affluentiam
916 2182 1073 2216 quaesitam
1088 2181 1164 2208 dicit.
1193 2181 1359 2214 Mensaeque

79 2219 215 2254 remotae]
235 2219 303 2253 quia
322 2241 327 2246 .
350 2241 356 2246 .
378 2240 383 2245 .
404 2219 550 2246 secundae.
572 2220 599 2245 P
619 2220 629 2253 1}
648 2228 752 2245 mxuma
771 2218 840 2244 KH
858 2219 867 2251 ΙΙ
892 2220 923 2244 15
944 2219 1083 2244 exemtam
1101 2217 1135 2243 K
1153 2218 1162 2250 11
1187 2216 1359 2243 affluentiam

82 2249 324 2289 LMqflu'entiam
342 2255 370 2280 B
393 2254 555 2282 efluentiam
574 2255 608 2281 K
626 2250 790 2281 afluentiam
810 2254 832 2280 C
853 2253 1027 2287 (afluentiam
1047 2252 1092 2286 0²)
1111 2251 1256 2279 affluentia
1275 2251 1309 2277 H
1324 2251 1359 2276 ad

81 2289 252 2316 affluentiam
274 2291 354 2324 vulqo
377 2291 387 2324 ΙΙ
411 2293 444 2317 16
468 2299 553 2317 aym>
576 2299 621 2317 εη1
644 2299 743 2316 nocxoc
768 2298 814 2316 και
838 2298 960 2315 1011111100
984 2289 1149 2322 ezeponente
1175 2287 1198 2314 Ο
1218 2288 1227 2320 ΙΙ
1252 2290 1283 2313 17
1310 2294 1360 2320 pro

82 2323 164 2352 discis
184 2346 190 2351 .
206 2346 213 2352 .
229 2346 235 2352 .
253 2325 396 2352 habebant
415 2334 526 2352 mensas
545 2334 594 2352 om.
617 2325 652 2358 Ο,
671 2326 703 2352 in
721 2333 806 2358 marq.
821 2325 911 2358 suppl.
928 2323 984 2358 0²11
1000 2327 1032 2350 19
1052 2331 1118 2350 sane
1138 2322 1288 2356 aliquando
1310 2342 1315 2347 .
1331 2343 1337 2348 .
1355 2342 1360 2347 ,

83 2361 204 2387 remotae
223 2361 298 2388 haud
316 2362 372 2388 scio
391 2370 429 2388 an
443 2364 507 2395 post
526 2370 582 2388 non
601 2360 775 2388 affluentiam
794 2360 951 2394 quaesitam
966 2359 1123 2386 collocanda
1138 2359 1194 2385 sint
1208 2359 1217 2391 ss
1231 2360 1265 2383 20
1284 2357 1361 2383 luxo-

82 2394 168 2422 riosas
187 2395 210 2422 0
230 2397 240 2429 u
260 2399 294 2423 24
314 2397 441 2423 attumne
462 2396 485 2423 0
501 2397 580 2431 (corr.
601 2396 650 2430 0²)

1115 2436 1150 2463 6*

1384 743 1415 766 10

1385 1008 1416 1031 15

1382 1273 1416 1296 20
