1722 2670
507 178 620 205 COMM.
639 178 679 205 IN
698 177 806 204 VERG.
826 177 908 205 AEN.
928 178 961 204 ΙΙ.
983 180 1130 205 771-781.
1395 176 1459 208 329

181 260 365 302 ‘eveniunt‚
390 271 449 292 nec
478 262 511 292 te
533 260 610 292 hinc
633 258 810 299 comitem',
834 261 867 291 et
889 260 999 300 potest
1023 255 1132 295 solandi
1160 270 1217 301 per
1246 258 1460 301 synalipham.

181 314 277 346 aliter
300 325 360 346 nec
383 314 570 356 ecthlipsin,
592 325 652 346 neo
675 313 815 355 hiatum,
839 324 897 345 nec
921 312 1132 354 synalipham
1155 313 1281 354 recipit.
1355 322 1461 345 cunv-

179 377 247 400 SAM
272 368 348 410 quia
370 367 490 399 Latina
513 367 686 399 declinatio
710 369 773 409 est,
797 367 858 399 erit
881 366 1017 399 Latinus
1042 368 1203 398 accentus.

270 422 342 454 779.
379 430 441 454 FAS
459 432 520 462 pro
537 422 620 461 fato;
646 421 722 463 quia
741 421 888 462 sequitur
908 420 1158 462 ‘regnumque
1182 423 1221 452 et
1243 420 1353 462 regia
1375 431 1460 452 con-

179 475 270 507 iunx
294 477 406 517 parta
429 474 530 507 tibi'.
605 488 675 507 ιιιΕ
696 475 887 516 superfluum
909 474 964 506 hoe
987 475 1049 506 loeo
1067 485 1247 514 pronomen.
1329 482 1460 506 OLYMPI

180 529 291 561 curin
314 529 517 570 paenultima
545 532 698 561 accentus
727 528 783 570 sit,
811 528 987 560 manifesta
1014 530 1064 559 est
1091 528 1176 559 ratio
1205 527 1290 569 apud
1313 527 1461 559 Latinos:

177 593 375 624 quamquam
399 582 514 615 Graeci
538 582 766 614 discretionem
793 581 896 614 velint
923 593 980 623 per
1009 583 1176 614 accentum
1205 582 1311 614 facere
1339 581 1460 614 montis

179 637 212 667 et
236 636 330 676 caeli,
354 636 439 678 quod
463 636 660 678 superfluum
684 637 742 667 est.

269 689 341 721 780.
379 703 473 723 LoNGA
489 703 551 722 TIBI
561 702 663 722 Eram
677 690 923 722 subaudiendum
939 689 1118 722 ‘obeunda'.
1196 698 1369 722 ARANDVM
1385 690 1461 731 quia

179 742 319 784 legimus
350 743 401 783 <V
432 743 516 785 199>
552 743 879 785 subtrahiturque
918 743 1055 785 solum,
1086 754 1153 775 non
1190 743 1341 775 inmerito
1380 743 1461 774 dixit

178 807 262 828 nunc
277 795 474 828 ‘arandum’.
555 806 757 829 HESPERIAM
773 797 920 839 sequenti
936 796 1082 838 epitheto
1098 797 1229 829 Italiam
1245 797 1285 829 ab
1301 797 1462 838 Hispania

179 850 380 892 segregavit,
403 861 485 892 quae
509 853 541 882 et
564 851 636 892 ipsa
654 850 815 892 'Hesperia
834 850 960 882 dicitur.
988 853 1016 882 et
1033 851 1152 882 videtur
1170 861 1225 892 per
1243 851 1462 883 derivationem

181 904 274 935 etiam
297 904 396 935 errori
417 905 511 944 finem
536 905 659 937 dedisse.

267 958 339 989 781.
377 971 487 990 ryows
501 959 639 998 mwms]
673 959 747 998 quia
773 969 832 998 per
867 958 1013 990 Tusciam
1045 958 1124 998 fluit.
1172 957 1296 990 *Tusci
1328 959 1409 990 enim
1442 969 1462 990 a

178 1011 276 1052 Lydis
299 1012 447 1052 oriyinem
471 1011 621 1043 damant*
703 1019 830 1043 LYDivs
855 1020 1004 1043 THYBRIS
1028 1011 1163 1052 Tuscus,
1187 1012 1291 1043 dictus
1316 1011 1461 1053 ‘Lydius'

181 1075 200 1095 a
236 1064 338 1096 fratre
371 1064 542 1106 Tyrrheni.
593 1076 669 1097 nam
701 1065 808 1106 Lydus
844 1066 876 1096 et
911 1064 1098 1106 Tyrrhenus
1132 1065 1194 1096 duo
1228 1065 1357 1106 fratres,
1390 1077 1461 1097 cum

179 1128 235 1149 eos
259 1118 427 1159 provincia
451 1130 514 1150 una
537 1129 602 1150 non
626 1119 738 1159 ferret,
762 1118 797 1149 in
822 1120 944 1150 sortem
968 1118 1140 1159 miserunt,
1164 1120 1200 1149 ut
1224 1118 1337 1150 divisis
1362 1119 1462 1159 copiis

179 1171 438 1213 proficisceretur
461 1184 543 1204 unus
575 1173 615 1204 ad
638 1184 739 1204 novas
769 1172 859 1203 sedes
885 1172 1092 1214 quaerendas.
1137 1171 1301 1213 profectus
1325 1172 1462 1213 Tyrrhe-

179 1236 239 1257 nus
265 1227 326 1267 est,
351 1226 406 1267 qui
425 1236 464 1257 ex
483 1237 541 1258 suo
560 1226 690 1258 nomine
711 1226 834 1257 Tuscos
854 1226 1038 1267 Tyrrhenos
1062 1226 1200 1257 vocavit.
1229 1225 1334 1267 Lydia
1353 1228 1462 1257 autem

180 1278 268 1311 dicta
291 1281 354 1320 est,
378 1279 411 1310 in
436 1290 499 1321 qua
522 1279 624 1311 frater
647 1281 856 1311 remanserat.
885 1279 969 1311 unde
992 1290 1077 1311 nunc
1095 1279 1209 1320 traxit,
1233 1281 1269 1310 ut
1289 1278 1461 1320 ‘Lydium’

179 1332 309 1364 diceret.
347 1332 445 1364 Tusci
469 1335 576 1364 autem
602 1344 621 1364 a
644 1333 828 1375 frequentia
848 1333 998 1364 sacrificii
1022 1333 1101 1364 dicti
1126 1334 1215 1374 sunt,
1239 1332 1299 1364 hoc
1324 1334 1374 1364 est
1397 1329 1461 1364 ἀπὸ

178 1386 240 1419 τοῦ
264 1384 373 1418 θύειν.
410 1389 540 1419 constat
562 1397 715 1428 namque,
739 1386 807 1418 illic
831 1398 849 1418 a
873 1386 962 1427 Tage
986 1386 1204 1428 aruspicinam
1227 1388 1402 1428 repertam,
1427 1388 1462 1418 ut

180 1533 196 1556 4
225 1494 413 1556 2()lf›'⁶T{12scus
434 1514 439 1520 .
457 1514 462 1519 .
479 1515 484 1521 .
505 1491 562 1520 ἀπὸ
589 1493 639 1520 τοῦ
662 1491 760 1528 θύειν]
787 1492 820 1519 cf.
840 1492 904 1518 Isid.
925 1491 994 1526 orig.
1014 1491 1052 1518 IX
1073 1495 1101 1525 2,
1122 1494 1163 1519 86.
1193 1491 1256 1518 XIV
1276 1496 1306 1525 3,
1328 1495 1370 1519 43.
1398 1492 1462 1519 XIV

199 1551 205 1563 ,
279 1538 293 1556 e

254 1631 266 1654 1
288 1628 421 1654 eueniunt
443 1629 476 1654 ut
495 1628 528 1653 H
546 1628 556 1661 11
579 1627 722 1662 comitem]
747 1627 891 1661 asportare
915 1635 1040 1653 creusam
1065 1627 1129 1654 add,
1149 1627 1192 1653 ΕΖ
1214 1628 1224 1661 11
1247 1627 1417 1661 sinalipham
1437 1627 1462 1653 L

180 1664 251 1691 sina]
252 1664 355 1698 ypham
376 1664 409 1689 H
425 1663 514 1697 sinaly
516 1663 573 1689 fam
595 1664 631 1689 M
647 1664 656 1697 Ι]
674 1666 689 1689 2
710 1663 815 1696 ecthlip
818 1663 860 1688 sin
881 1663 1049 1688 Masviciws·
1069 1662 1194 1696 eclypsin
1214 1663 1239 1688 L
1246 1663 1319 1688 HM
1331 1664 1340 1696 ΙΙ
1359 1663 1461 1697 synali-

179 1700 265 1734 pham
284 1699 310 1725 L
329 1699 517 1733 synalypham
536 1699 570 1724 H
590 1698 739 1732 sinalyfam
759 1699 795 1724 M
812 1699 822 1732 ΙΙ
840 1698 952 1732 recipit]
973 1699 1002 1724 et
1022 1698 1190 1731 ‘asportare'
1212 1698 1282 1725 bene
1301 1698 1386 1730 dixit;
1406 1707 1462 1724 non

180 1735 255 1762 enim
273 1735 409 1768 Virgilius
429 1734 488 1761 sine
507 1734 646 1761 ratione‘
650 1734 691 1760 as'
712 1742 816 1767 ponere
839 1733 986 1768 potuisset.
1025 1735 1054 1760 et
1072 1734 1146 1760 haud
1165 1735 1270 1760 temere
1291 1734 1460 1767 ‘asportare’

179 1770 251 1797 dixit
269 1771 341 1797 olam
362 1770 525 1804 deportare:
544 1778 610 1796 nam
630 1770 697 1803 quid
716 1769 820 1796 ibidem
840 1769 974 1796 faoeret‘
978 1770 1030 1801 as',
1051 1777 1122 1802 quae
1142 1769 1252 1803 51111ὼε,
1270 1769 1463 1802 quaestionem

178 1806 207 1833 in
223 1806 369 1833 scansione
384 1806 472 1832 facit?
493 1815 558 1832 nam
574 1806 603 1832 et
615 1805 711 1832 Cicero
727 1805 789 1832 ait'
781 1815 809 1831 111
825 1805 915 1839 primo
930 1804 1002 1831 libro
1013 1805 1194 1831 Veri-inarum
1210 1805 1252 1837 (in
1263 1804 1360 1831 ancil.
1376 1806 1461 1831 divin.

180 1842 218 1868 IX
237 1844 282 1876 29)
304 1842 371 1868 ‘non
391 1842 420 1868 te
440 1850 473 1868 ex
493 1841 590 1868 Sicilia
607 1841 717 1867 litteras
736 1841 763 1867 in
784 1841 899 1867 Verrem
919 1840 1066 1874 deportare
1086 1840 1159 1867 uelle
1179 1839 1395 1874 arbitrabantur,
1415 1841 1462 1867 sed

180 1878 255 1911 quod
273 1877 374 1904 iisdem
393 1877 496 1904 litteris
515 1877 591 1903 illius
615 1877 749 1911 praetura
771 1877 800 1902 et
823 1877 872 1903 tua
897 1877 1048 1909 quaestura
1066 1875 1232 1910 consignata
1250 1876 1299 1910 sit,
1319 1877 1463 1910 asportare

179 1915 207 1940 te
226 1913 300 1940 uelle
320 1922 354 1940 ex
373 1913 470 1940 Sicilia
489 1912 599 1939 litteras
624 1912 807 1946 suspicantur.
831 1912 894 1938 add,
914 1912 943 1938 D
966 1912 975 1945 11
997 1912 1128 1937 scholium
1152 1912 1189 1938 ad
1208 1912 1339 1938 Creusam
1359 1912 1462 1938 adscri-

175 1952 256 1983 ptum
280 1950 332 1976 huc
355 1949 526 1982 transposuit
549 1948 743 1979 Burmannus,
769 1950 832 1981 post
855 1947 908 1973 tibi
931 1948 1030 1973 habent
1054 1947 1126 1973 libri.
1150 1948 1159 1981 ΙΙ
1183 1950 1198 1973 4
1223 1955 1272 1980 pro
1297 1947 1354 1973 fato
1378 1948 1464 1974 edidit

179 1985 284 2011 Daniel
306 1985 315 2018 ΙΙ
339 1987 354 2011 5
373 1992 681 2018 1L1.i2..pronomen
705 1983 791 2010 edidit
809 1983 913 2009 Daniel
933 1983 943 2016 ss
964 1986 979 2008 6
1004 1982 1183 2009 manifestum
1204 1983 1246 2008 est
1265 1983 1340 2016 apud
1360 1983 1463 2009 latinos

184 2021 220 2046 M
242 2021 251 2054 ΙΙ
275 2023 289 2046 7
310 2020 371 2054 per]
390 2020 465 2046 inter
484 2020 493 2045 Ζ
511 2021 520 2052 ΙΙ
544 2023 559 2046 9
581 2029 668 2046 iosos
690 2040 695 2045 .
711 2041 716 2047 .
734 2040 740 2045 .
759 2019 887 2045 obeunda
906 2019 991 2045 edidit
1010 2018 1114 2045 Daniel
1134 2018 1143 2051 ΙΙ
1169 2021 1199 2044 12
1223 2018 1307 2052 quae]
1327 2019 1393 2052 quia
1411 2019 1463 2044 L

185 2058 217 2081 15
237 2065 334 2082 nvmvs
348 2056 374 2081 L
391 2065 483 2082 Limvs
503 2056 555 2089 ΗΙΙ
570 2065 656 2081 rimus
676 2054 709 2080 H
724 2064 817 2081 ‘rvsms
838 2054 874 2080 M
892 2054 923 2081 T.
943 2054 968 2079 L
986 2053 1015 2080 id
1036 2054 1078 2079 est
1096 2054 1160 2080 add.
1181 2054 1252 2080 IlILv
1256 2054 1265 2080 Ζ
1279 2055 1288 2088 ΙΙ
1302 2064 1347 2080 vni
1367 2064 1463 2080 LYmvs

182 2100 275 2117 *rvums
295 2090 342 2123 qui
361 2091 439 2124 (quia
458 2091 541 2123 Lion)
565 2099 616 2125 per
639 2090 754 2124 Tybrim
779 2089 920 2123 Clusoiatn
943 2090 1053 2123 scripsi)
1078 2089 1147 2115 fluit.
1185 2089 1249 2116 ideo
1273 2089 1313 2116 sic
1337 2089 1428 2116 dictus
1447 2098 1464 2116 a

182 2127 268 2153 fratre
294 2126 349 2160 'lyr
352 2127 429 2153 rheni
455 2127 540 2153 'lusci
564 2127 638 2153 enim
664 2135 682 2152 a
703 2125 787 2159 Lydis
810 2125 946 2159 originem
969 2125 1082 2151 ducunt
1115 2134 1188 2152 nam
1210 2125 1304 2158 Lydus
1328 2134 1348 2151 e.
1363 2134 1386 2160 q.
1402 2133 1421 2152 s.
1443 2125 1467 2152 G

183 2161 256 2194 (ideo
276 2182 282 2187 .
317 2135 451 2189 yrducunt
469 2162 573 2189 Daniel
596 2162 699 2196 edidit).
723 2163 732 2195 ΙΙ
754 2161 839 2188 lidius
857 2161 936 2187 LHe
959 2160 1033 2187 lidus
1052 2160 1082 2186 E
1103 2161 1113 2194 ΙΙ
1145 2165 1176 2188 16
1195 2160 1288 2194 tyreni
1307 2161 1341 2187 H
1360 2161 1464 2195 tyrreni

185 2198 221 2223 M
242 2197 251 2230 ΙΙ
274 2197 368 2230 Lydus
394 2218 400 2225 .
477 2198 575 2233 ferret]
600 2198 673 2224 lidus
697 2197 791 2230 (lidius
814 2197 833 2229 l)
858 2197 887 2223 et
909 2196 1057 2229 tyrrhenus
1082 2197 1125 2222 est
1151 2196 1199 2230 qui
1222 2205 1256 2223 ex
1279 2205 1327 2223 suo
1352 2197 1464 2223 nomine

182 2234 276 2259 tuscos
294 2219 427 2274 tyn-euos
440 2219 554 2260 uocauit
576 2233 659 2260 lidius
683 2235 712 2260 et
733 2235 860 2266 tyrrenos
884 2233 1020 2265 (tyrrenus
1044 2233 1063 2265 l)
1086 2232 1190 2258 fratres
1214 2231 1327 2259 fuerunt
1350 2233 1379 2259 et
1402 2241 1463 2258 cum

184 2277 231 2295 eos
255 2268 402 2302 prouincia
425 2278 481 2296 una
508 2278 564 2296 non
588 2269 674 2296 ferret
697 2269 722 2295 L
746 2269 790 2302 (et
813 2268 962 2301 tyrrhenus
990 2287 996 2293 .
1017 2289 1022 2295 .
1044 2289 1049 2294 .
1079 2268 1193 2294 uocauit
1215 2267 1299 2294 lidius
1328 2270 1465 2301 eoepuneta

182 2305 257 2337 sunt)
277 2304 287 2337 ΙΙ
310 2304 383 2330 lidus
402 2305 436 2330 H
459 2304 543 2331 lidius
565 2306 602 2331 M
622 2306 632 2338 ΙΙ
654 2305 782 2338 tyrrenus
802 2304 875 2330 HM
897 2304 906 2337 ΙΙ
931 2306 962 2329 17
988 2303 1056 2338 una]
1081 2303 1142 2330 tina
1160 2304 1194 2329 H
1213 2304 1222 2337 ΙΙ
1245 2303 1342 2329 diuisis
1368 2312 1400 2329 ew
1424 2303 1464 2328 di-

182 2339 256 2365 uinis
274 2339 308 2365 H
326 2341 336 2373 ΙΙ
360 2342 392 2366 18
411 2349 481 2367 unus
500 2341 679 2375 proficeretur
699 2341 724 2366 L
749 2343 776 2374 (p
779 2339 982 2366 roficisceretur
1000 2339 1019 2369 Ζ)
1042 2339 1052 2373 fl
1074 2340 1201 2372 tyrrenus
1220 2339 1350 2373 LHMQ
1370 2341 1402 2365 19
1422 2340 1465 2364 est

183 2374 232 2408 qui
251 2383 301 2401 om
320 2375 346 2401 L
368 2377 377 2409 u
400 2376 526 2410 tyrrenos
545 2377 619 2403 HM
640 2377 649 2410 ΙΙ
672 2379 706 2403 20
725 2375 823 2403 lidium
843 2375 939 2402 LHE
962 2375 972 2409 ΙΙ
994 2378 1026 2401 21
1049 2384 1102 2401 Ario
1121 2384 1171 2401 ‘ior
1192 2384 1269 2401 orem
1288 2374 1314 2400 L
1340 2383 1392 2401 Auo
1412 2384 1464 2402 τοΥ

184 2420 263 2437 ovem

1482 751 1514 774 10

1483 1020 1515 1043 15

1481 1287 1515 1310 20
