1630 2684
947 105 970 122 ο

478 149 590 176 COMM.
611 149 649 175 IN
668 148 775 175 VERG.
797 149 879 176 AEN.
900 149 919 175 Ι.
940 153 1012 175 (362⁷-
1029 152 1088 175 665.
1360 149 1419 180 191

145 242 183 262 ex
208 230 334 262 Venere
357 232 481 262 tantum
507 241 577 262 esse
604 230 824 272 progenitum:
853 241 1048 272 quamquam
1078 231 1135 261 alii
1160 231 1268 262 (licant
1292 242 1329 262 ex
1354 231 1424 272 ipsa

145 286 178 316 et
202 284 319 326 Marte,
348 284 403 316 alii
427 295 465 315 ex
489 283 561 324 ipsa
584 284 617 314 et
642 282 802 324 Vulcano,
831 283 885 314 alii
910 294 985 314 vero
1009 282 1090 314 Chai
1115 285 1147 314 et
1170 284 1293 324 primae
1317 295 1423 315 rerum

145 340 279 370 naturae
304 348 376 369 eum
401 348 471 368 esse
494 336 598 367 filium
624 337 733 368 velint.
778 347 853 368 saue
875 339 904 367 et
925 336 974 367 hie
992 337 1223 377 persuasoriam
1246 337 1323 378 assit,
1346 337 1425 368 simet

143 392 297 432 superias,
319 390 373 422 ubi
395 390 477 421 Iuno
501 390 544 422 ad
560 390 691 421 Aeolum
716 390 852 430 loquitur
870 390 994 428 Aeolo,
1016 400 1172 430 namque
1195 389 1272 421 tibi.
1309 391 1360 421 sed
1381 390 1425 421 ibi

143 445 219 485 quia
244 445 300 476 dea
327 454 396 475 cum
423 443 544 474 homine
572 444 763 485 loquebatur,
789 454 824 484 p}
834 444 947 484 incipio
977 454 1052 483 opus
1080 453 1142 474 33033
1173 443 1248 482 fuit,
1281 443 1329 474 hie
1356 454 1424 474 vero

140 498 293 538 principio
315 507 391 530 usus
413 499 468 535 est,
498 497 573 536 quia
600 497 657 527 (lea
685 507 754 527 cum
782 498 835 528 (leo
864 497 999 537 loquitur
1025 498 1069 528 acl
1094 497 1326 528 benivolentimn
1348 507 1422 528 eom-

136 551 325 591 parandam.
366 549 459 582 nate’
474 550 512 581 ab
527 550 791 593 indulyeutissimo
810 561 949 582 nomme:
969 560 1062 582 eausa
1081 561 1170 581 amm
1172 561 1198 581 38
1217 550 1295 581 ‘mea
1310 561 1373 581 ma
1359 561 1424 590 Jua

135 603 308 644 potentia’:
330 604 407 644 quid
426 604 522 644 possit
542 603 674 643 facere
677 604 731 643 qui
754 604 813 635 tela
837 604 962 644 typhoea
986 603 1205 644 temuis':1no
1229 615 1287 644 quo
1311 604 1424 644 ²·fh·ateo

139 659 176 689 ut
200 657 323 689 Aeneas
343 658 453 698 pelayo
484 656 588 689 tuus’:
620 660 726 688 contra
754 668 842 697 quem
876 657 971 688 odiis
994 658 1128 689 Iunonis
1159 657 1316 697 iniquae':
1349 668 1423 689 nam

139 711 222 750 quod
241 711 317 742 dicit
339 710 448 751 ‘frater
467 710 558 753 tuus',
581 722 644 742 33033
668 711 764 752 ‘filius
783 710 887 749 meus’,
911 712 1042 742 ostendit
1060 712 1153 742 etiam
1175 712 1203 742 ei
1220 711 1423 751 profedurum

1445 717 1476 740 10

139 765 194 804 qui
211 767 354 806 royatum
377 775 453 796 mam
472 775 509 796 (ιτ
527 775 560 796 eo
579 775 686 805 yenere
705 767 749 796 est
766 765 847 796 illud
869 764 907 796 ‘et
926 767 1030 796 nostro
1048 765 1174 796 doluisti
1191 775 1279 805 saepe
1302 764 1422 796 dolore'.
1458 770 1460 772 ’

139 818 278 858 sequitur
299 829 394 850 eausa
418 818 509 850 ‘hunc
529 818 699 850 Phoenissa
719 821 796 850 leuet
814 817 926 850 Dido’:
951 819 1043 850 timor
1064 819 1164 858 ipsius
1188 817 1227 849 ‘et
1244 829 1345 849 vereor
1365 829 1423 858 quo

138 882 170 904 se
193 872 332 904 Iunonia
354 875 474 904 vertant
495 871 659 913 hospitia':
689 882 753 903 rem
775 873 877 912 ipsam
906 871 1063 912 ‘quocirca
1086 882 1191 912 capere
1214 874 1285 903 aute
1311 871 1423 903 dolis':

139 926 248 957 modus
276 925 354 966 ‘qua
379 926 480 965 faeere
503 926 538 957 icl
554 925 690 966 possis':
718 926 867 966 quamdiu
896 925 1026 957 ‘noctem
1048 935 1111 957 33033
1135 925 1270 966 α3333οῑὶ333
1292 924 1423 956 urtam’:

138 989 182 1011 an
209 979 336 1020 difficile
362 980 404 1011 sit
430 979 474 1010 ‘et
495 982 582 1011 notos
605 980 698 1019 pueri
718 990 799 1020 puer
826 980 919 1011 indue
942 978 1078 1011 vultus':
1105 980 1252 1019 quomodo
1280 978 1331 1010 ‘ut
1357 989 1425 1010 cuin

139 1034 166 1063 te
189 1033 307 1073 yremio
335 1033 461 1073 accipiet
489 1033 658 1064 laetissima
681 1032 800 1064 Dido':
827 1033 925 1064 subito
953 1033 1070 1064 amabit
1098 1031 1265 1064 ‘oemcltum
1293 1033 1426 1072 inspires

139 1086 240 1127 iynem
256 1086 411 1126 fallasque
427 1085 572 1118 veneuo':
595 1086 677 1117 nihil
695 1087 857 1126 promisi&
881 1087 956 1126 quid
973 1087 1054 1117 euim
1072 1087 1264 1126 promitteret
1281 1086 1357 1117 deo?

139 1147 263 1178 SOLVS,
287 1148 379 1171 ΝΑΊῈ
408 1140 464 1181 qui
487 1139 574 1171 Iovis
599 1140 779 1171 contemnis
803 1139 955 1181 fulmina,
986 1151 1068 1181 quae
1092 1140 1153 1171 diis
1178 1139 1294 1172 ceteris
1319 1139 1425 1170 solent

141 1203 211 1224 esse
234 1193 359 1225 terrori.

228 1247 302 1279 665.
339 1255 463 1279 PATRIS
484 1255 593 1279 SVMMI
618 1258 702 1279 nunc
726 1247 857 1289 quidem
881 1247 919 1279 de
943 1247 1019 1279 Iove
1043 1247 1173 1289 proprie
1197 1247 1288 1278 dixit.
1321 1246 1422 1278 scien—

138 1299 215 1331 dum
245 1302 354 1332 tamen
385 1311 444 1342 pro
476 1301 635 1342 qualitate
666 1312 775 1332 rerum
810 1301 861 1332 vel
894 1311 1104 1342 personarum
1135 1311 1299 1332 summum
1329 1299 1424 1331 deum

138 1353 202 1385 dici
225 1354 276 1386 vel
300 1356 440 1396 patrem,
470 1365 546 1385 nam
575 1355 796 1396 unusquisque
821 1366 895 1386 eum
919 1366 1080 1386 summum
1109 1355 1205 1395 putat
1221 1364 1304 1384 -0880
1329 1363 1424 1394 quem

139 1407 230 1448 colit,
253 1409 290 1438 ut
314 1418 457 1439 summe
482 1408 590 1440 deum
615 1409 741 1440 sancti
766 1410 899 1440 custos
925 1407 1099 1439 Soractis
1125 1406 1276 1448 Apollo.
1367 1415 1424 1437 ΤΥ-

139 1462 258 1493 ΡΗΟΕΑ
281 1461 377 1492 multi
402 1461 584 1503 ‘Typhoia'
609 1462 736 1504 legunt,
764 1464 801 1494 ut
825 1462 957 1494 cerialia
981 1463 1013 1492 et
1036 1461 1190 1493 cerealea.
1237 1458 1423 1501 ‘Typhoea'

139 1516 249 1546 autem
274 1513 356 1546 dixit
379 1526 444 1546 non
469 1515 585 1557 quibus
611 1515 786 1557 Typhoeus
811 1527 887 1547 usus
913 1517 974 1556 est,
999 1514 1054 1546 sed
1078 1514 1195 1555 quibus
1219 1513 1367 1554 Iuppiter
1390 1513 1424 1543 111

139 1567 345 1609 Typhoeum:
371 1579 390 1599 a
410 1569 523 1610 spoliis
549 1568 596 1608 [id
616 1571 666 1601 est
685 1569 819 1609 virtute]
841 1570 872 1600 et
892 1568 1028 1600 victoria
1049 1567 1219 1609 epitheton
1241 1566 1364 1608 posuit,
1388 1568 1425 1597 ut

138 1620 248 1663 Scipio
281 1621 454 1653 Africanus
488 1623 521 1670 qt
553 1621 704 1653 Metellus
738 1621 895 1654 Creticus.
991 1629 1120 1652 TEMNIS
1155 1620 1342 1661 aphaeresis
1375 1621 1425 1650 est

138 1685 196 1715 pro
219 1676 410 1707 contemnis.
456 1675 518 1707 hac
542 1677 651 1707 autem
675 1675 769 1707 laude
793 1676 854 1707 hoc
878 1675 960 1716 agit,
991 1674 1088 1706 facile
1113 1685 1186 1705 eum
1210 1684 1305 1714 posse
1328 1672 1422 1704 Iuno-

137 1722 211 1760 nem
235 1730 441 1761 contemnere
466 1728 521 1770 qui
545 1729 725 1761 contemnit
748 1730 781 1759 et
804 1728 924 1760 Iovem.

209 1845 226 1869 4
245 1842 345 1878 Aeole]
365 1843 396 1869 A.
416 1843 428 1868 Ι
449 1846 482 1870 65
505 1843 515 1876 ss
538 1846 571 1869 23
593 1842 711 1877 summe]
731 1843 762 1869 A.
783 1842 821 1868 XI
842 1845 892 1869 785

209 1953 224 1977 6
250 1958 282 1976 eo
309 1949 332 1976 C
358 1949 411 1976 deo
437 1949 471 1976 0²
498 1950 507 1983 ΙΙ
535 1953 551 1976 8
574 1958 624 1983 pro
649 1958 703 1983 quo
726 1950 775 1975 vix
799 1951 927 1982 apparet,
946 1949 1012 1982 quia
1031 1949 1152 1974 radendo
1176 1950 1334 1981 corruptura
1359 1950 1396 1974 est
1415 1948 1423 1982 Jl

138 1989 154 2011 9
177 1994 243 2012 nam
266 1985 341 2019 quod
366 1985 446 2019 dicit]
476 1985 592 2018 fortasse
615 1986 644 2011 et
666 1984 741 2018 quod
765 1984 840 2011 dicit.
874 1987 1018 2018 poMaeteoea
1042 1985 1138 2010 contra
1161 1991 1243 2017 quem
1269 1983 1355 2010 odiis
1380 1984 1422 2009 Iu-

138 2021 218 2048 nonis
246 2021 374 2055 iniquae'
403 2024 465 2054 post
493 2020 588 2047 dolore
617 2021 677 2061 (lici.
699 2021 750 2053 11)
769 2021 926 2046 collocanda
954 2020 1088 2046 videntur.
1108 2020 1117 2053 ΙΙ
1147 2022 1178 2045 12
1203 2027 1257 2053 quo
1283 2028 1312 2046 se
1337 2019 1422 2046 11111οῑ1

139 2064 204 2083 1101τ
223 2056 292 2091 hosp
310 2065 364 2090 quo
385 2056 428 2089 0²,
448 2059 479 2082 ut
497 2057 618 2088 videtur
644 2057 675 2082 iri
693 2064 802 2082 meur-,a
841 2065 865 2085 Q.
887 2065 924 2082 se.
945 2065 961 2081 1.
982 2065 1006 2081 ν.
1027 2055 1096 2081 Rem
1115 2054 1206 2088 ipsam
1225 2064 1277 2084 Qvo
1303 2055 1423 2081 enotavit

140 2091 294 2126 Scioppius.
333 2094 383 2118 aut
400 2093 458 2126 ipse
477 2094 527 2118 aut
546 2092 650 2118 Dauiel
664 2099 718 2125 pro
737 2092 807 2124 hosp
827 2100 840 2117 e
859 2092 1015 2117 coniectura
1034 2099 1092 2117 rem
1111 2090 1201 2124 ipsam
1223 2091 1364 2124 scripsisse
1382 2091 1421 2116 vi-

137 2128 224 2154 detur.
239 2129 248 2161 ΙΙ
262 2130 296 2154 20
311 2128 348 2154 ml
362 2136 386 2154 v.
402 2131 453 2154 665
473 2127 564 2154 Patris
579 2127 693 2162 summi]
713 2135 852 2153 summum
868 2126 1056 2160 unusquisque
1076 2127 1158 2160 putat
1177 2134 1235 2152 esse
1255 2134 1319 2152 eum
1338 2134 1421 2159 quem

137 2162 219 2196 colit,
237 2164 295 2189 ut
361 2163 471 2197 Apollo.
501 2163 636 2197 Typhoea
654 2171 711 2189 non
730 2162 799 2188 dixit
819 2162 918 2195 quibus
934 2161 1083 2202 Typhoeus
1098 2170 1163 2188 usus
1178 2162 1233 2195 est,
1253 2161 1300 2188 sed
1321 2161 1421 2194 quibus

137 2184 262 2232 Iuppiter
280 2198 310 2225 in
329 2185 500 2233 'lyphoeum
535 2199 564 2225 et
587 2198 732 2232 epitheton
752 2207 768 2224 a
787 2197 884 2231 spoliis
908 2198 938 2224 et
959 2196 1078 2223 uictoria.
1102 2197 1208 2231 posuit,
1235 2198 1292 2224 ut
1331 2219 1336 2223 .
1358 2205 1421 2223 con

137 2233 244 2260 temnis.
284 2234 336 2261 hoc
360 2234 454 2260 dicit.
503 2255 508 2260 .
533 2234 581 2267 qui
605 2235 700 2260 Iouem
727 2233 889 2260 contemnit.
912 2232 940 2258 P
960 2234 970 2267 ΙΙ
997 2235 1029 2259 21
1050 2233 1133 2259 deum
1152 2240 1202 2259 om.
1222 2232 1249 2258 B
1278 2241 1341 2258 eum
1363 2231 1422 2265 0²11

138 2271 173 2294 24
191 2269 305 2296 cerialia
327 2270 356 2296 et
379 2256 500 2296 cerealia
523 2269 562 2295 L·
587 2269 708 2296 cerealia
726 2269 753 2295 B
781 2268 918 2295 ecerealia
938 2268 961 2295 0
991 2268 1110 2294 cerealia
1133 2269 1162 2294 et
1185 2268 1304 2294 cerealia
1324 2267 1421 2292 HM

138 2304 258 2344 typhoea
277 2304 304 2330 B
311 2305 348 2331 M
352 2306 375 2331 l
393 2305 510 2339 typhoia
530 2304 581 2331 GL
588 2305 621 2331 Η
631 2306 640 2339 ΙΙ
654 2308 687 2331 26
708 2306 736 2331 et
755 2304 901 2338 epitheton
921 2313 938 2331 a
958 2304 1055 2338 spoliis
1075 2305 1104 2330 et
1121 2303 1240 2330 uictoria
1259 2302 1353 2336 posuit
1373 2302 1422 2328 0

137 2338 166 2365 id
184 2340 226 2366 eet
243 2339 347 2366 uirtute
366 2348 415 2367 om.
437 2341 484 2371 M.
508 2343 674 2374 expunctum
693 2343 731 2366 est
749 2342 773 2366 et
792 2349 810 2366 a
827 2348 913 2366 manu
932 2340 1077 2366 recentiore
1101 2339 1181 2373 glosa
1203 2338 1419 2372 superscriptum

136 2375 168 2400 in
187 2374 212 2400 L
226 2375 236 2409 ΙΙ
249 2378 283 2401 27
302 2385 411 2402 Touesis
431 2376 464 2402 ΙΙ
467 2376 504 2402 Μ
515 2377 525 2410 fl
538 2378 572 2402 28
593 2376 663 2411 agit]
684 2376 725 2402 ait
744 2375 775 2401 H
787 2376 796 2409 l}
810 2378 843 2402 29
864 2377 1060 2409 contempnere
1078 2374 1150 2400 HM
1161 2375 1170 2407 ΙΙ
1185 2373 1364 2407 contempnit
1386 2373 1420 2398 M

1447 985 1479 1007 15

1443 1252 1477 1275 20

1443 1519 1476 1542 25
