1630 2684
230 136 292 168 162
804 136 926 164 SERVII

226 226 286 250 Ru
310 226 423 250 omma
448 200 552 250 vno'n
581 228 639 260 per
666 218 778 250 maria.
825 221 857 251 et
881 220 931 251 est
953 220 1066 252 contra
1093 219 1174 251 illud
1182 244 1191 261 ,
1218 219 1299 252 siout
1320 219 1436 251 dictum
1457 221 1510 261 eet,

227 282 283 303 cur
306 271 346 303 ad
371 271 516 304 Africam
539 272 695 304 venerint.

316 325 391 357 526.
428 334 538 358 1²2³ch
570 333 627 357 1²10
658 334 786 358 ennam
818 326 969 368 quotiens
1002 326 1181 359 invidiosae
1214 328 1290 358 sunt
1322 327 1510 367 praesentes

226 388 396 420 personae,
427 378 626 411 rhetoricum
655 381 705 411 est
728 379 768 411 ad
793 379 873 411 alias
897 379 1084 421 confugere,
1111 381 1149 412 ut
1176 379 1238 411 hoc
1267 379 1338 410 loco
1362 377 1511 422 confugit

191 437 207 460 5
228 431 267 463 ad
291 441 401 474 genus.
491 440 535 463 ET
559 440 707 464 PROPIVS
731 431 869 464 vicinius
898 432 1036 474 scilicet,
1064 434 1101 464 ut
1127 434 1294 475 tamquam
1321 431 1401 464 victi
1428 431 1510 465 aoei-

225 485 369 527 piantur,
401 496 466 518 non
498 485 582 517 tales
613 495 716 517 omnes
745 485 922 527 credantur,
955 485 1061 528 qualis
1088 485 1182 518 Paris
1214 485 1278 521 fuit
1309 486 1343 518 in
1373 484 1511 528 Spartae

226 538 464 581 expugnatione
487 540 647 580 raptuque
670 537 826 571 Helenae.
871 549 948 571 nam
976 538 1134 571 historiae
1161 539 1223 571 hoc
1250 538 1352 571 habet
1379 538 1511 580 veritas,

225 602 290 624 non
319 591 488 624 voluntate
515 591 678 624 Helenam
711 594 869 634 secutam,
901 592 957 625 sed
991 594 1176 634 expugnata
1207 594 1336 635 raptam
1369 592 1511 635 civitate,

226 645 310 678 unde
333 647 366 677 et
389 645 490 687 recipi
513 645 633 677 meruit
655 656 675 678 a
699 645 826 678 marito.
872 646 980 688 tangit
1003 648 1113 678 autem
1141 646 1203 679 hoc
1230 646 1371 678 latenter
1396 644 1510 688 Vergi-

174 706 206 729 10
226 699 290 731 lius
305 698 362 731 illo
377 699 447 731 loco
467 710 524 731 me
542 698 635 730 duce
650 697 872 731 Dardanius
888 698 1066 741 Spartam
1086 699 1328 741 expugnavit
1346 699 1511 732 adulter.

225 762 294 794 erqo
317 752 389 785 bene
411 762 474 784 non
495 762 565 791 nos,
587 752 641 784 sed
662 762 710 784 res
732 755 856 784 nostras
879 753 967 784 dixit.

315 806 389 839 527.
427 814 606 838 POPVLARE
630 806 705 846 quia
727 806 813 846 apud
834 808 943 838 veteres
965 806 1044 838 haee
1060 809 1127 838 erat
1148 807 1284 839 maxime
1301 817 1398 839 σαιιεα
1419 807 1507 840 nmi-

222 860 329 900 yandi.
365 870 440 892 sane
463 859 588 901 antiqui
613 861 646 890 et
669 859 790 901 populo
815 861 848 891 et
872 860 1009 901 populor
1031 859 1195 902 dicebant,
1219 860 1302 893 unde
1326 862 1377 893 est
1399 859 1512 903 ‘popu-

226 912 306 945 lare’
326 915 359 946 et
378 913 617 955 populatque
641 912 839 955 ingentem
863 912 981 944 farris
1006 923 1182 946 acervum
1206 914 1389 946 curculio.
1424 923 1533 965 nunc·

177 972 208 996 ιτ»
227 968 337 998 tamen
362 966 492 1008 passiva
520 967 648 997 tantum
678 965 800 997 utimur
827 965 1052 998 declinatione.
1099 967 1226 1007 quidam
1250 966 1428 1008 ‘populare’
1453 977 1512 1009 pro

226 1020 270 1052 ad
285 1020 501 1061 populandum
523 1019 568 1051 vel
586 1029 646 1060 pro
664 1019 850 1060 populatum
868 1020 1031 1060 acciffl'usnt.
1123 1032 1253 1053 muz-mn
1269 1030 1330 1062 pro
1347 1020 1511 1054 advertere.

317 1073 392 1105 529.
429 1081 501 1105 Nox
517 1081 562 1104 EA
578 1081 632 1105 v1s
648 1080 760 1105 Ammo
784 1075 1011 1114 argumentum
1036 1073 1076 1105 ab
1097 1073 1282 1115 inpossibili
1299 1074 1381 1107 sicut
1396 1074 1513 1107 ἄιόύιιιιι

227 1130 283 1168 est,
313 1130 349 1159 ut
373 1126 462 1168 quid
486 1125 603 1158 Troes
632 1126 816 1167 potuere?
842 1125 922 1158 ‘vis’
947 1128 1056 1159 autem
1081 1129 1130 1159 est
1153 1127 1366 1169 possibilitas.
1454 1139 1516 1161 nou

229 1193 264 1212 m
291 1193 335 1211 ms
354 1181 459 1219 mmo]
484 1180 518 1212 id
539 1182 596 1218 est,
619 1189 673 1211 nec
695 1179 836 1212 volumus
857 1190 911 1211 nec
927 1190 1102 1221 possumus.

174 1240 208 1264 20
317 1233 391 1265 530.
429 1241 492 1265 EST
513 1241 623 1265 Locvs
647 1233 877 1274 conparatione
895 1233 984 1266 orbis
1004 1233 1104 1266 totius
1119 1232 1218 1266 Italia
1235 1234 1327 1266 locus
1348 1235 1413 1276 est3
1434 1245 1512 1267 nam

227 1286 393 1328 provincia
417 1286 506 1318 locus
530 1297 596 1318 uon
618 1288 727 1328 potest
750 1286 822 1318 dici.
859 1287 964 1319 minus
988 1289 1038 1319 est
1061 1289 1171 1319 autem
1195 1286 1317 1329 ‘quam'
1338 1287 1386 1320 vel
1408 1286 1509 1330 ‘quem

229 1339 353 1381 locam’,
381 1342 419 1372 ut
441 1340 532 1372 urbs
562 1340 725 1382 antiqua
751 1339 836 1372 fuit.
881 1342 938 1372 aut
959 1341 1025 1372 ideo
1049 1339 1174 1379 ‘loeus',
1200 1343 1236 1372 ut
1257 1341 1512 1382 ostendatpamo

223 1403 311 1434 posse
337 1403 399 1426 esse
425 1395 585 1426 contentos.
676 1401 874 1426 HESPERIAM
898 1393 1075 1435 Hesperiae
1104 1393 1187 1426 duae
1215 1396 1305 1436 sunt,
1334 1405 1401 1427 una
1429 1405 1513 1438 quae

228 1447 388 1489 Hispania
411 1447 541 1489 dicitur,
566 1447 671 1479 altera
689 1458 771 1489 quae
791 1448 840 1479 est
859 1447 893 1479 in
911 1446 1018 1480 Italia.
1055 1458 1138 1489 quae
1161 1447 1222 1479 hac
1244 1447 1372 1480 ratione
1394 1447 1512 1481 discer-

176 1508 211 1531 25
229 1502 364 1533 nuntur:
394 1502 451 1532 aut
479 1500 565 1532 enim
587 1500 781 1542 Hesperiam
805 1500 910 1533 solam
933 1500 1014 1533 dicis
1038 1502 1072 1532 et
1094 1500 1258 1543 significas
1282 1500 1429 1541 Italiam,
1455 1503 1513 1534 aut

228 1554 318 1586 addis
339 1553 511 1587 ‘ultimam'
536 1556 569 1586 et
588 1554 752 1596 significas
770 1553 980 1596 Hispaniam,
1002 1564 1085 1595 quae
1108 1554 1143 1586 in
1166 1554 1342 1587 occidentis
1365 1556 1417 1587 est
1435 1554 1512 1598 fine,

299 1681 315 1704 5
334 1688 366 1704 m-
386 1686 495 1704 rnomvs
514 1685 537 1704 e.
558 1686 583 1711 q.
603 1677 637 1712 s.]
657 1677 692 1704 cf.
712 1677 792 1706 Luct.
813 1677 888 1704 Plac.
908 1677 945 1704 ad
964 1676 1035 1704 Stat.
1054 1677 1142 1705 Theb.
1162 1677 1187 1704 11
1206 1678 1283 1712 49611
1304 1681 1319 1704 7
1338 1685 1406 1705 nam
1423 1677 1511 1706 hinto-

227 1713 286 1741 riae
305 1735 311 1742 .
328 1734 333 1740 .
350 1735 355 1740 .
376 1722 394 1740 a
412 1713 526 1748 marito]
548 1713 582 1740 cf.
602 1713 741 1747 mythogr.
760 1713 786 1739 II
802 1713 876 1746 19911
892 1716 924 1740 10
943 1721 988 1740 me
1007 1713 1090 1748 duce]
1110 1714 1141 1740 Α.
1158 1712 1183 1739 Χ
1198 1713 1304 1747 921114
1323 1713 1497 1755 populatque

227 1750 362 1812 Ξθοῗ82312
374 1751 433 1819 ᾒ8252
439 1748 670 1819 Πιιιιὸὶηῗηίᾼὼίῃῇ
681 1784 691 1818 ΙΙ
703 1748 846 1818 {20}th
879 1747 913 1776 ef
922 1748 1058 1824 ‚D‘infigffi
1066 1748 1338 1818 Ἰὲίξοῖθῗεὶἷὶῗοίἰιέ
1351 1749 1448 1811 ηΧιΙξῙ(ι
1428 1713 1511 1818 ilie}

300 1903 316 1927 2
336 1899 472 1928 uenerint
501 1900 530 1927 et
548 1899 672 1927 ostendit
689 1908 745 1927 non
764 1900 863 1935 sponte
881 1899 1000 1927 uenisse.
1015 1899 1168 1927 Fabricius
1180 1900 1190 1934 Ι
1204 1902 1220 1926 3
1235 1899 1273 1926 acl
1285 1907 1310 1926 v.
1325 1901 1378 1926 526
1396 1898 1434 1926 Et
1445 1908 1510 1934 pro-

228 1936 303 1971 pius]
323 1935 456 1968 uicinius,
476 1936 508 1962 ut
526 1936 710 1970 tamquam.
723 1944 789 1963 .res
808 1936 918 1962 nostras
937 1936 1054 1969 (nostra)
1073 1935 1151 1962 dixit.
1169 1935 1197 1962 P
1232 1937 1247 1962 5
1266 1942 1363 1976 genus.
1391 1935 1422 1962 et
1438 1908 1512 1962 infra

228 1971 288 2005 (XII
305 1972 367 2004 934)
386 1957 515 2012 confugit
532 1971 569 1998 ad
587 1979 734 2006 personam
755 1971 858 1998 ‘Dauni
871 1971 1003 1998 miserere
1018 1971 1170 1998 senectae’.
1231 1971 1241 2005 ΙΙ
1256 1970 1372 1998 vicinius
1390 1969 1510 2006 scilicet]

228 2006 257 2033 id
276 2009 320 2034 est
337 2006 457 2034 uicinius
475 2006 534 2034 ΒΟ
553 2008 563 2040 Η
590 2010 606 2033 6
626 2015 677 2034 nec
695 2006 769 2034 tales
789 2006 845 2034 ΟΡ
865 2007 875 2041 {J
901 2014 998 2034 omnes
1016 2007 1164 2034 credantur
1181 2014 1232 2034 σπι.
1253 2005 1281 2032 P
1301 2006 1311 2040 ΙΙ
1339 2009 1354 2032 7
1372 2013 1439 2033 nam
1457 2006 1511 2035 hoc

227 2042 333 2070 ueritas
352 2042 392 2069 rei
410 2042 498 2069 habet
518 2042 546 2069 P
562 2043 572 2076 11
594 2044 610 2068 8
630 2043 810 2069 consecutam
830 2043 865 2069 Μ
882 2043 893 2077 fl
911 2042 1043 2083 civitate]
1063 2043 1132 2069 urbe
1152 2042 1180 2068 P
1197 2042 1208 2076 ΙΙ
1231 2044 1264 2068 10
1282 2041 1334 2069 illo
1351 2041 1427 2077 loco]
1447 2049 1512 2068 cum

228 2077 298 2104 dicit
316 2077 384 2104 alibi
400 2078 437 2104 M
449 2079 458 2112 ΙΙ
474 2081 506 2104 12
526 2079 563 2105 ad
577 2086 600 2105 v.
617 2081 668 2104 527
687 2078 747 2112 Pop
749 2078 827 2105 ulare
859 2077 968 2112 antiqui
982 2078 1012 2105 et
1029 2078 1135 2112 populo
1150 2079 1180 2105 et
1197 2076 1386 2112 populor..
1406 2076 1512 2104 utimur

228 2113 423 2140 declinatione.
441 2114 490 2147 ΡΙ
505 2116 538 2140 14
557 2113 681 2140 curculio
695 2087 747 2140 Hp
759 2122 809 2140 σπι.
859 2113 915 2140 ΟΡ
939 2113 1009 2148 g.L
1035 2113 1167 2148 gurgulio
1187 2112 1224 2139 M
1235 2113 1246 2147 ΙΙ
1258 2120 1332 2139 nuno
1349 2113 1446 2140 autem
1462 2111 1490 2139 L

230 2152 262 2176 16
277 2149 424 2175 aduertere
440 2149 487 2176 0².-
506 2149 615 2175 uertere
633 2148 656 2175 Ο
680 2150 808 2176 auertere
823 2150 943 2176 enotavit
939 2122 1106 2183 gScioppius
1119 2149 1129 2183 u
1143 2152 1177 2175 20
1192 2149 1229 2175 ad
1241 2156 1266 2175 υ.
1281 2150 1334 2175 530
1352 2147 1403 2174 Est
1419 2147 1499 2176 loeus

228 2184 437 2219 comparatione
457 2183 532 2210 orbis
555 2184 643 2211 totius
662 2184 736 2211 unde
756 2186 800 2211 est
818 2186 844 2220 υ]
862 2185 936 2212 locu.
973 2184 1153 2219 Hesperiam]
1172 2182 1322 2224 Hesperiae
1342 2183 1415 2210 duae
1433 2184 1511 2211 sunt.

228 2228 285 2247 una
301 2228 373 2254 quae
392 2220 446 2247 hac
465 2219 574 2246 ratione
593 2219 760 2246 discernitur
778 2221 829 2247 aut
847 2220 942 2248 enim.
971 2219 1159 2254 ,Hispaniam
1172 2218 1331 2254 (spaniam).
1364 2219 1394 2246 et
1406 2218 1449 2246 He
1621 2222 1630 2238 ⁴

228 2255 271 2282 ria
290 2255 326 2283 ab
344 2255 469 2290 Hespero
489 2255 565 2282 dicta
585 2255 668 2282 stella
687 2255 862 2283 occidentali.
884 2256 912 2282 P
930 2257 986 2296 1121
1007 2255 1085 2282 locus
1106 2276 1111 2282 .
1127 2276 1133 2282 .
1150 2254 1272 2289 .quam]
1260 2254 1370 2289 ]1ocus
1393 2255 1438 2282 est
1450 2226 1512 2283 mi

229 2293 258 2318 et
275 2291 355 2319 deest
372 2299 457 2326 quam
477 2290 500 2318 Ο
512 2292 522 2325 ΙΙ
535 2290 627 2317 minus
646 2292 690 2317 est
709 2300 763 2325 que
783 2292 816 2318 ut
833 2291 899 2318 urbs
918 2290 1035 2332 antiqua
1052 2291 1107 2318 fuit
1124 2291 1134 2318 ῑ
1152 2291 1184 2318 ίιι
1201 2298 1286 2324 mary.
1301 2290 1311 2324 ΙΙ
1325 2293 1358 2316 22
1378 2290 1513 2359 patuoffl,

230 2327 254 2353 Ο
278 2328 348 2361 (una
366 2327 458 2354 littera
475 2327 562 2354 deleta
580 2328 636 2360 est.)
657 2327 667 2361 u
690 2329 724 2353 24
743 2326 880 2361 Hispania
898 2326 1002 2354 dicitur
1020 2347 1026 2352 .
1047 2326 1184 2354 ..Italia
1206 2334 1256 2353 σπι.
1261 2298 1302 2352 ⁹0
1321 2326 1331 2360 ΙΙ
1353 2325 1383 2352 in
1401 2333 1452 2353 om.

227 2363 274 2389 sed
291 2371 367 2397 supr.
386 2371 453 2390 vers
472 2363 535 2390 add.
555 2363 646 2389 eadem
664 2364 696 2389 ut
713 2363 821 2389 videtur
839 2370 938 2389 manus
