1630 2684
251 468 267 492 5

234 736 267 760 10
286 732 404 773 leym&-
434 734 544 764 veteres
566 732 649 764 enim
671 732 829 765 honestum
855 743 914 773 pro
936 733 1066 772 specioso
1091 732 1260 774 ponebant,
1288 734 1325 765 ut
1345 731 1506 767 Duram·

231 1004 263 1027 15

227 1271 262 1295 20

227 1537 261 1561 25

293 167 354 199 106
867 147 988 195 smum

379 249 452 281 288.
489 257 576 281 omn
607 248 703 282 modo
735 249 837 282 futuri
871 250 1028 292 temporis
1063 251 1122 282 est.
1220 258 1336 283 omno
1369 249 1403 282 in
1434 249 1602 287 caelant

377 310 511 335 sponns
535 311 698 335 omanus
722 302 810 336 victo
832 303 1000 336 Pharnace
1023 302 1226 336 Mithridatis
1250 303 1333 344 filio,
1357 301 1412 346 qui
1434 312 1471 336 rs
1490 295 1606 350 ’μζ-ᾗ

288 356 321 388 in
351 356 476 388 oriente
506 355 577 388 fuit.
623 357 767 389 ceterum
797 356 984 399 Aegyptus,
1013 357 1048 389 in
1078 368 1141 400 qua
1163 356 1391 390 Ptolomaeum
1415 356 1508 401 Viuit,
1532 354 1604 398 ἢ

288 409 425 442 australi
449 410 499 442 est
521 409 629 452 plaga.

376 463 450 496 289.
482 471 676 496 nonvsrvu
695 463 781 496 inter
799 464 976 497 honustum
996 466 1029 497 et
1047 466 1218 497 oneratum
1235 464 1298 497 hoc
1316 464 1462 505 interest,
1483 475 1518 509 q
1534 481 1568 518 ¹2.
1569 462 1599 499 221²

287 519 439 549 oneratus
463 519 513 549 est
536 516 765 559 qualicumque
789 529 919 559 pressus
942 517 1100 560 pondere,
1126 517 1287 551 honustus
1310 529 1388 551 vero
1411 518 1462 552 cui
1486 529 1552 552 on·
1572 507 1594 530 :zv

286 571 393 612 ipsum
416 570 532 603 honori
560 572 624 612 est,
653 572 690 602 ut
720 570 747 603 si
777 571 851 613 quis
881 571 987 613 spolia
1015 571 1161 604 hostium
1190 571 1284 605 ferat.
1330 571 1386 604 sed
1415 573 1594 611 oneratus

286 624 518 665 aspirationem
542 635 607 656 non
630 623 746 666 habet,
773 625 850 667 quia
873 626 914 658 ab
943 636 1039 658 onere
1062 625 1168 666 venit,
1195 625 1356 658 honustus
1378 635 1469 668 vero,
1491 636 1538 669 q

286 677 386 709 etiam
416 677 458 710 ab
487 677 611 710 honore
641 677 823 720 descendit,
852 679 973 712 retinet
1003 679 1245 721 aspirationem.
1289 678 1388 712 alii‘

285 787 395 827 caput
416 796 492 818 ecce
508 796 603 827 puer
625 786 785 818 detectus
807 786 1004 818 honestum.

374 838 448 872 290.
485 848 644 873 accnuus
668 849 802 873 saevus
827 840 904 882 quia
926 841 1002 882 post
1025 842 1163 872 mortem
1183 838 1303 873 Caesar
1325 840 1447 874 meruit
1477 874 1480 878 ,

284 893 468 936 fastigium,
498 893 674 935 flaminem,
708 895 746 926 ut
775 892 888 926 Cicero
923 893 957 925 in
986 892 1190 935 Philippicis.
1287 893 1478 938 smm1⁸

284 946 446 979 ‘seoura’?
472 947 547 988 quia
569 957 652 980 nunc
673 947 841 980 sollicita*
931 955 991 979 fflc
1015 955 1159 985 QVOQVE
1183 948 1291 989 potest
1315 945 1465 990 intellegi
1480 942 1483 943 ⁷

283 999 456 1042 Romulus,
480 1000 536 1033 sed
560 1000 677 1033 melius
701 1001 785 1033 sicut
809 1000 949 1042 Aeneas,
973 1000 1012 1032 de
1036 1011 1100 1043 quo
1119 1000 1268 1042 superius
1291 1000 1340 1034 ait
1362 1000 1441 1034 ‘sub
1478 1021 1492 1029 0

282 1064 344 1095 que
364 1053 446 1086 feres
466 1054 507 1086 ad
530 1054 636 1087 sidera
659 1054 768 1087 caeli'.
791 1053 952 1097 ‘quoque’
976 1056 1086 1087 autem
1110 1065 1237 1096 semper
1258 1053 1297 1087 ad
1320 1053 1571 1095 similimum*

282 1107 387 1148 ponit,
406 1109 443 1139 ut
462 1109 503 1140 tu
527 1119 676 1150 quoque
700 1108 888 1141 litoribus
911 1107 1068 1141 nostris.
1164 1121 1216 1141 mc
1237 1108 1364 1149 eroon]
1382 1107 1491 1142 'aiod

281 1161 361 1192 sicut
384 1161 454 1193 m*
544 1170 646 1195 VOTIS
671 1162 722 1194 vel
746 1161 786 1194 ad
810 1163 887 1194 vota
910 1161 961 1193 vel
984 1161 1069 1194 votis
1093 1161 1273 1194 vocabitur.

370 1214 444 1247 291.
481 1222 615 1247 ASPERA
646 1223 739 1247 'rvxc
769 1215 803 1247 id
832 1216 883 1247 est
911 1213 1049 1247 Caesare
1080 1217 1267 1247 consecrato
1300 1225 1373 1248 cum
1395 1213 1438 1248 A·
1455 1230 1483 1242 ·=

281 1277 417 1310 regnare
441 1268 597 1310 coeperit,
621 1268 731 1301 clauso
753 1267 826 1300 Iani
852 1267 990 1309 templo,
1018 1279 1080 1310 pax
1109 1268 1172 1300 erit
1194 1279 1252 1310 per
1270 1268 1392 1301 orbem.
1570 1290 1589 1299 ‹
1612 1301 1617 1317 ἵ

281 1323 391 1353 autem
423 1321 580 1363 templum
613 1321 674 1354 hoc
706 1323 757 1354 ter
788 1331 858 1353 esse
886 1320 1051 1353 clausum:
1083 1321 1225 1364 primum
1258 1321 1415 1364 regnante
1446 1320 1574 1368 Numa*
1611 1324 1616 1337 ¹

281 1374 361 1407 item
385 1377 460 1417 post
483 1375 606 1407 bellum
624 1375 782 1408 Punicum
802 1375 991 1414 secundum,
1014 1375 1112 1408 tertio
1132 1377 1208 1418 post
1226 1374 1314 1408 bella
1330 1374 1464 1408 Actiaca
1481 1385 1504 1420 q

281 1427 420 1461 confecit
443 1428 628 1471 Augustus:
659 1440 723 1471 quo
746 1431 893 1471 tempore
916 1439 979 1470 pax
1007 1428 1137 1471 quidem
1167 1429 1231 1461 fuit
1260 1429 1419 1471 quantum
1448 1426 1490 1463 ad

280 1483 367 1513 teras
392 1482 533 1524 pertinet
555 1484 683 1525 gentes,
708 1481 763 1514 sed
787 1482 876 1514 bella
898 1482 1077 1524 flagravero
1100 1482 1222 1524 civilia,
1246 1481 1334 1525 quod
1357 1483 1391 1515 et
1410 1474 1486 1525 ipse*

281 1535 457 1567 transitum
480 1536 590 1578 tangit
609 1535 718 1568 dicens
739 1535 858 1568 ‘Furor
876 1535 995 1577 impius
1014 1534 1127 1568 intus’.
1154 1535 1251 1568 huius
1271 1537 1380 1570 autem
1398 1535 1501 1579 aperi
1561 1544 1563 1546 ’

280 1587 332 1620 vel
362 1588 533 1621 claudendi
564 1589 679 1631 templi
709 1588 794 1622 ratio
825 1589 916 1621 varia
945 1590 1004 1621 est.
1055 1588 1112 1620 alii
1141 1588 1254 1622 dicunt
1279 1583 1421 1633 Romulo
1458 1604 1502 1617 ιιι

279 1640 418 1674 Sabinos
442 1645 622 1685 pugnante,
652 1654 725 1675 cum
753 1643 787 1675 in
815 1654 853 1675 eo
877 1644 964 1675 esset
987 1644 1024 1675 ut
1048 1642 1243 1687 vinceretur,
1276 1641 1417 1676 calidam
1444 1652 1500 1687 aq

352 1760 368 1784 6
392 1741 528 1784 oneratus
546 1759 614 1785 est
684 1757 895 1793 aspirationem]
921 1765 1007 1785 exscr.
1030 1756 1097 1784 Isid.
1121 1756 1178 1784 diff.
1197 1757 1274 1785 verb
1294 1758 1345 1784 285
1367 1757 1379 1792 Ι
1403 1759 1437 1786 10
1465 1760 1473 1779 ⁸
1520 1737 1576 1825 ’ἦ

280 1779 839 1868 3²¹¹fi1evx12⁵³z¹¹215⁷liccem?
859 1790 1383 1864 ‘'12032233„33322224z1?22;032‚*
1414 1791 1452 1821 0¹·
1470 1791 1532 1821 v

823 1851 828 1856 .
845 1850 850 1856 .
867 1850 872 1856 .
1314 1837 1356 1863 gr.
1432 1831 1459 1863 ι,
1475 1830 1494 1857 0

351 1938 365 1961 1
386 1935 424 1962 ad
442 1944 465 1962 v.
486 1938 538 1963 288
559 1935 645 1970 Olim]
665 1935 749 1963 modo
768 1935 856 1962 futuri
873 1936 952 1970 temp
953 1935 1009 1962 oris
1028 1936 1078 1963 est.
1117 1935 1214 1971 Caelo]
1234 1935 1264 1962 in
1282 1934 1399 1963 malum.
1418 1934 1514 1971 ΡΙ.

278 1970 355 2004 poris
383 1979 434 1997 om.
457 1971 523 1998 LH
549 1972 558 2006 11
586 1975 602 1998 3
625 1971 799 2006 ptolemeum
821 1971 849 1997 Β
876 1971 1056 2006 pholomenam
1079 1971 1114 1998 H
1135 1972 1146 2006 Ι
1173 1974 1189 1998 5
1213 1971 1251 1999 ad
1272 1978 1298 1998 v.
1321 1973 1374 1999 289
1395 1970 1446 1999 h·

277 2006 351 2033 inter
373 2006 526 2033 honustum
547 2027 553 2033 .
569 2029 575 2034 .
592 2028 598 2034 .
617 1980 727 2035 retinet.
747 2007 775 2033 P
793 2008 803 2041 11
825 2016 962 2034 nosvsrvs
987 2007 1013 2033 L
1035 2007 1046 2041 11
1068 2008 1199 2034 onustum
1223 2007 1262 2034 M
1280 2007 1292 2042 Ι
1312 1982 1510 2035 honorabit«

278 2042 357 2074 (corr.
378 2042 398 2075 ῖ)
421 2043 430 2075 11
452 2046 467 2069 6
486 2042 639 2069 honeratus
658 2043 684 2069 L
708 2043 791 2084 (σοι-ν..
807 2043 827 2076 l)
850 2043 860 2077 11
883 2042 1015 2070 honestus
1035 2043 1061 2069 L
1084 2044 1163 2076 (corr.
1183 2043 1203 2077 l)
1227 2042 1342 2070 onustus
1361 2041 1425 2070 PH
1440 2042 1464 2078 Ι
1475 2044 1521 2071 't

276 2076 339 2103 nori
356 2077 384 2103 B
391 2076 429 2103 C*
436 2078 484 2104 M
502 2078 616 2105 honoris
635 2078 701 2104 ΕΗ
715 2078 807 2105 oneris
826 2078 854 2104 P
872 2079 882 2113 11
904 2076 980 2105 hosti
998 2078 1027 2104 P
1044 2079 1054 2112 11
1071 2078 1223 2105 honoratus
1242 2078 1269 2104 L
1287 2077 1368 2111 (corr.
1387 2077 1407 2112 l)
1428 2077 1440 2113 Ι
1456 2079 1503 2106 8

277 2113 336 2138 stus
354 2120 421 2139 uero
445 2113 492 2146 qui
516 2113 552 2139 ab
574 2113 679 2140 honore
702 2113 781 2140 uenit
802 2113 905 2141 retinet
932 2113 960 2139 P
979 2114 990 2148 11
1014 2117 1069 2183 12(1
1069 2123 1186 2140 noemae
1210 2122 1311 2140 saevus
1336 2120 1423 2147 quaro
1456 2126 1534 2143 <vnn
1555 2140 1557 2142 .

277 2148 327 2174 aut
340 2147 408 2181 quia
424 2157 497 2175 nuno
512 2148 646 2182 sollicita,
662 2150 712 2175 ant
725 2148 792 2183 quia.
805 2150 870 2190 post
883 2150 1003 2176 mortem
1017 2157 1038 2176 e.
1070 2157 1112 2176 .8.
1128 2148 1173 2183 011
1188 2152 1220 2176 13
1235 2147 1416 2189 fastigiumj'
1405 2157 1426 2176 ι.
1439 2156 1464 2176 ο.
1478 2157 1507 2176 o

276 2183 403 2210 mentum
428 2191 480 2217 sup
482 2192 561 2210 erscr.
582 2184 592 2210 Ζ
613 2185 622 2218 11
642 2187 676 2210 14
694 2185 788 2218 potest
805 2184 934 2219 intellegi
953 2183 1026 2212 siout
1043 2192 1097 2219 ego
1120 2184 1193 2212 siout
1214 2185 1248 2211 tu
1265 2183 1338 2211 sieut
1355 2182 1492 2212 Romulus
1517 2188 1547 2206 4

278 2221 310 2245 17
334 2218 443 2245 nostris.
480 2227 546 2246 nam
569 2219 632 2246 ideo
655 2219 685 2246 in
694 2193 843 2247 pbucolicis
867 2221 889 2254 (I
909 2220 965 2253 7)‘
972 2228 1092 2254 namque
1115 2219 1170 2247 erit
1186 2219 1236 2246 ille
1254 2219 1326 2246 mihi
1349 2226 1460 2260 semper
1546 2229 1558 2253 r,
1580 2250 1588 2258 Ι,

277 2255 306 2281 et
323 2254 354 2281 in
376 2254 515 2288 georgicis
539 2255 588 2288 (III
608 2255 686 2288 16)‘
693 2255 722 2282 in
744 2255 837 2282 medio
861 2255 931 2282 mihi
949 2254 1051 2283 Caesar
1072 2255 1141 2282 erit'
1165 2255 1195 2282 D
1216 2255 1227 2289 fl
1251 2257 1284 2282 18
1307 2254 1337 2282 iu
1359 2254 1433 2295 vpias
1489 2254 1496 2262 '
1520 2260 1538 2268 ³
1574 2259 1577 2261 “

278 2292 310 2316 19
330 2290 368 2316 ad
384 2297 409 2316 υ.
425 2293 476 2318 291
495 2290 601 2324 Aspera
613 2290 687 2352 tum}
702 2290 732 2317 id
746 2291 789 2317 est
804 2290 922 2318 Caesare
942 2298 1062 2326 ..per
1075 2291 1180 2332 orbem.
1207 2290 1285 2324 †qui
1299 2289 1432 2324 quoniam
1446 2298 1481 2318 c
1534 2292 1559 2328 ’,η

275 2325 366 2353 batur.
387 2325 416 2352 P
440 2325 490 2360 qui
507 2325 640 2359 quoniam
660 2334 675 2353 c
687 2325 844 2353 audebatur
861 2327 961 2361 recepit
975 2326 1094 2359 Damel;
1112 2326 1225 2360 Scioppt
1226 2334 1260 2353 us
1272 2325 1344 2352 πίλα
1361 2326 1395 2352 de
1407 2325 1451 2353 hio
1467 2333 1484 2354 v

276 2361 427 2388 adnotavit.
463 2363 579 2388 ceterum
602 2360 750 2395 quinquies
774 2362 947 2389 scribendum
971 2362 1079 2389 videtwr
1100 2369 1155 2396 pro
1181 2361 1229 2395 qui
1254 2360 1387 2402 quoniam
1410 2361 1537 2397 (quufffl)

276 2397 385 2432 Aspera
402 2396 507 2431 iniqua.
544 2397 623 2424 Tunc
641 2396 670 2424 id
690 2397 734 2424 est
752 2396 780 2423 D
802 2397 812 2431 11
834 2400 868 2424 20
886 2397 945 2424 iani
965 2397 1004 2424 M
1005 2397 1028 2424 l
1046 2397 1102 2425 iam
1122 2397 1150 2424 B
1157 2396 1234 2424 (1⁸11
1250 2397 1279 2424 ia
1297 2396 1324 2423 L
1342 2396 1372 2423 in
1390 2395 1419 2423 P
1526 2419 1530 2423 ,

1530 2467 1545 2483 .ae

1518 2492 1523 2496 ‚⁴
1530 2485 1547 2503 θ·
