1630 2684
421 149 533 176 COMM.
552 149 593 176 IN
611 149 718 176 VERG.
738 149 822 176 AEN.
842 151 862 179 Ι.
883 155 1032 181 240—246.
1324 153 1365 184 91

87 233 214 274 legatos
239 233 294 275 qui
317 232 451 273 propter
473 229 633 262 Helenam
658 234 813 263 venerant
837 234 977 275 suscepit
1005 234 1163 275 hospitio,
1195 236 1227 266 et
1250 233 1368 266 Ulixen

86 285 121 318 in
144 285 282 318 mendici
305 284 419 316 habitu
444 283 592 325 agnitum
610 294 676 315 non
695 285 847 325 prodidit.
930 300 1035 319 porwr
1045 288 1121 328 plus
1134 290 1178 319 est
1195 288 1277 328 quod
1288 288 1369 319 dizit

86 338 216 380 ‘potuit'
238 349 302 371 nou
324 338 443 370 meruit.
540 350 670 370 mars-vs
691 339 841 371 invidiose
863 340 964 371 noluit
981 340 1078 372 dicere
1102 340 1289 382 ‘dimissus’‚
1316 342 1370 372 sed

54 432 56 435 .
85 391 246 433 ‘elapsusz
331 402 452 422 malms
474 388 512 422 ah
535 390 671 432 Achaeo,
694 391 780 424 Iovis
802 394 831 423 et
852 392 1011 434 †Pithiae
1033 393 1112 434 filio,
1136 394 1217 425 dicti.

172 445 247 476 243.
283 452 467 476 ILLYmcos
487 453 698 476 PENETRARE
720 453 819 477 smvs
845 445 992 478 Antenor
1015 457 1079 478 non
1099 446 1277 488 Illyricum,
1301 459 1367 478 non

84 498 286 538 Liburniam,
317 497 372 528 sed
395 496 568 529 Venetiam
597 490 712 530 tenuit.
758 498 830 530 ideo
855 501 964 531 autem
988 499 1154 541 Vergilius
1179 500 1257 532 dicit
1281 500 1369 541 ‘Illy-

84 552 169 584 rinos
198 550 315 592 sinus',
347 550 433 592 quod
461 550 535 582 inde
564 551 653 582 venit
682 551 812 592 quidam
836 551 981 584 Henetus
1010 564 1080 594 rex,
1113 553 1168 594 qui
1197 552 1369 584 Venetiam

83 604 202 645 tenuit,
226 615 246 636 a
269 603 359 635 cuius
383 603 514 635 nomine
538 603 711 635 Henetiam
736 604 856 636 dietam
879 606 1002 646 posteri
1026 605 1198 638 Venetiam
1223 607 1367 638 nomina-

84 659 208 690 verunt.
300 665 412 688 TVTVS
436 656 508 688 ideo
532 658 637 697 tutus,
662 657 739 698 quia
757 656 852 689 Raeti
867 657 1028 690 Vindelici
1052 659 1115 700 ipsi
1136 660 1211 690 sunt
1225 659 1369 701 Liburni,

84 710 266 743 saevissimi
297 709 471 742 admodum
503 710 629 751 populi,
663 712 777 742 contra
810 722 891 752 quos
924 711 1042 743 missus
1071 715 1121 744 est
1148 712 1282 745 Drusus.
1334 713 1368 744 hi

87 766 196 796 autem
227 764 268 795 ab
300 763 516 795 Amazonibus
550 763 710 805 originem
744 764 876 805 ducunt,
909 766 946 795 ut
978 765 1077 796 etiam
1105 765 1261 796 Horatius
1292 765 1369 797 dicit

87 817 227 860 quibus
264 827 343 848 mos
383 816 480 848 unde
513 816 700 848 deductus
738 828 805 858 per
837 828 945 849 omne
977 820 1126 859 tempus
1160 818 1369 850 Amazonia

87 871 214 903 securi
238 871 395 909 dextras
419 870 606 910 obarmet,
631 881 816 911 quaerere
840 870 990 902 distuli.
1030 871 1092 902 hoe
1117 881 1194 912 ergo
1219 882 1305 903 1111110
1330 873 1368 903 ad

87 926 297 966 augmentum
320 923 472 964 pertinet,
497 922 581 964 quod
606 925 696 955 tutus
721 924 770 954 est
794 923 893 955 etiam
917 923 1002 955 inter
1027 935 1139 956 saevos
1163 925 1310 966 populos.

176 978 251 1010 244.
288 986 431 1009 FONTEM
448 985 571 1008 TIMAVI
591 978 704 1008 amant
722 979 837 1017 poetae
857 988 924 1008 rem
943 978 1038 1009 unius
1058 978 1216 1009 sermonis
1237 978 1369 1010 eircum-

87 1031 305 1063 locutionibus
328 1030 447 1071 dicere,
470 1032 509 1062 ut
531 1041 590 1071 pro
614 1030 711 1061 Troia
735 1030 844 1062 dicant
867 1030 996 1062 ‘urbem
1011 1031 1210 1072 Troianam'‚
1234 1043 1292 1073 pro
1308 1032 1370 1063 Bu-

87 1084 210 1117 throtio
234 1083 358 1115 ‘arcem
374 1083 552 1115 Buthroti'.
599 1084 645 1115 sie
669 1085 702 1115 et
726 1084 821 1115 modo
846 1095 904 1125 pro
925 1084 1062 1116 Timavo
1087 1085 1132 1116 ait
1157 1084 1296 1117 ‘fontem
1316 1085 1369 1117 Ti-

88 1137 202 1179 mavi’,
225 1139 257 1169 et
281 1137 380 1179 paulo
403 1139 480 1178 post
503 1136 633 1168 ‘urbem
653 1136 793 1178 Patavi',
818 1137 850 1168 id
874 1139 924 1168 est
947 1137 1128 1169 Patavium.
1220 1151 1372 1171 SVPERARE

87 1192 230 1223 nauticus
247 1201 345 1223 sermo
364 1193 415 1223 est.
452 1190 594 1222 Iascilius
611 1191 909 1231 promontorium
932 1191 1043 1222 remis
1060 1201 1278 1231 superamus
1295 1192 1368 1223 Mi-

87 1255 230 1277 nervae.

177 1298 252 1331 245.
288 1307 384 1329 VNDE
408 1307 476 1329 PER
500 1306 568 1330 ORA
593 1306 715 1329 NOVEM
744 1297 839 1328 multi
869 1299 991 1338 septem
1021 1308 1091 1329 esse
1120 1298 1238 1329 dicunt.
1285 1298 1370 1339 quod

89 1353 117 1384 si
140 1352 264 1384 incerta
287 1352 365 1397 fides
390 1353 453 1392 est,
481 1351 592 1382 finitus
621 1353 670 1382 est
698 1362 849 1382 numerus
878 1362 936 1392 pro
960 1351 1098 1382 infinito.
1190 1360 1259 1382 CVM
1283 1360 1369 1382 MVR-

88 1415 185 1437 MVRE
200 1414 331 1438 MONTIS
355 1406 449 1436 tanta
471 1405 504 1436 vi
528 1405 596 1436 exit
619 1405 653 1436 in
676 1416 779 1445 mare,
802 1406 839 1436 ut
859 1405 958 1436 etiam
978 1406 1107 1450 resonet
1125 1404 1249 1435 vicinus
1269 1415 1370 1436 mons.

89 1461 122 1490 et
150 1459 197 1490 sic
224 1458 346 1490 dietum
375 1450 438 1499 est',
466 1458 549 1490 sicut
578 1458 725 1499 superius
753 1458 817 1489 1111
844 1457 1098 1499 indignantes
1125 1467 1260 1499 magno
1289 1468 1371 1489 011111

89 1523 281 1544 murmure
305 1512 446 1543 montis
470 1512 612 1543 circum
637 1511 812 1543 claustra
835 1511 1014 1543 fremunt.

177 1565 252 1596 246.
290 1578 371 1597 mne
391 1566 418 1597 it
439 1566 530 1605 quasi
546 1567 734 1605 proruptum
758 1575 850 1596 mare.
942 1573 1037 1596 MARE
1066 1566 1155 1596 amat
1182 1566 1280 1605 poeta
1303 1575 1372 1595 rem

162 1637 192 1661 11
213 1634 359 1670 Horatius]
380 1643 463 1661 earm.
483 1635 522 1661 IV
542 1638 567 1668 4,
588 1638 620 1662 18
635 1636 644 1669 ΙΙ
659 1637 691 1661 19
711 1634 848 1669 Lucilius]
868 1635 906 1661 ΙΙΙ
928 1638 958 1661 19
979 1634 1097 1661 Mueller
1111 1635 1120 1668 ΙΙ
1134 1637 1168 1660 24
1187 1634 1242 1668 1111]
1263 1633 1293 1660 A.
1311 1634 1371 1660 155

162 1700 175 1723 1
196 1697 367 1731 suscipiebat
386 1697 409 1723 C
420 1698 429 1731 [Ι
443 1697 554 1731 ulyxem
573 1696 605 1722 K
616 1697 625 1730 ΙΙ
644 1699 660 1723 2
680 1696 802 1730 perdidit
820 1696 845 1722 L
875 1696 1009 1730 (prodidit
1028 1697 1047 1729 l)
1063 1697 1072 1730 ΙΙ
1091 1699 1106 1722 3
1124 1698 1185 1729 post
1203 1695 1298 1729 potuit
1315 1704 1372 1722 nou

89 1733 169 1759 nulla
186 1733 356 1759 intercidisse
373 1733 513 1766 videutwr,
532 1733 616 1763 veluti
634 1732 664 1758 id
683 1733 725 1758 est
744 1732 797 1758 etsi
815 1733 824 1765 ΙΙ
847 1735 863 1758 4
882 1731 994 1758 Pithiae
1013 1733 1129 1764 fortasse
1147 1731 1267 1757 Phthiae
1286 1732 1295 1765 ΙΙ
1313 1731 1371 1758 filio

89 1768 158 1795 dicti
177 1769 208 1795 in
226 1767 382 1795 Caesellauo
400 1769 518 1801 defuisse
536 1769 663 1794 videntur
677 1768 686 1801 ΙΙ
701 1772 716 1794 5
736 1768 773 1794 cul
786 1776 810 1795 v.
826 1771 877 1794 243
898 1767 1024 1801 Illyricos
1044 1768 1189 1801 penetrare
1209 1766 1295 1801 8111118]
1315 1767 1370 1792 An-

89 1805 170 1830 tenor
188 1812 244 1830 non
262 1803 405 1838 Illyricum
426 1825 431 1830 .
452 1824 458 1829 .
479 1824 484 1829 .
504 1803 693 1830 nominarunt.
731 1803 831 1837 Tutus]
851 1803 914 1829 ideo
934 1804 1010 1829 tutus
1029 1803 1095 1836 quia
1113 1802 1187 1828 inter
1205 1810 1303 1828 saeuos
1323 1810 1370 1835 po-

89 1839 171 1873 pulos
190 1841 258 1866 erat.
280 1839 308 1865 P
329 1841 339 1874 ΙΙ
361 1839 390 1866 111
408 1839 548 1873 illyricum
566 1839 594 1864 B
617 1840 626 1872 ΙΙ
649 1847 739 1872 neque
758 1838 909 1865 liburniam
927 1838 955 1864 Β
962 1839 999 1864 Μ
1015 1839 1025 1872 ss
1049 1841 1062 1864 7
1083 1838 1180 1864 enetus
1199 1837 1231 1863 K
1256 1838 1371 1863 aenetus

93 1875 140 1909 Pu
154 1877 170 1901 8
189 1874 350 1910 Henetiam]
370 1875 511 1901 uenetiam
530 1874 562 1900 K
588 1874 727 1900 aenetiam
747 1874 773 1899 1¹
786 1875 795 1907 ΙΙ
809 1876 825 1899 9
844 1874 898 1900 reti
917 1874 983 1900 libri
996 1875 1005 1905 ss
1020 1876 1052 1899 12
1074 1873 1174 1906 quibus
1195 1894 1200 1899 .
1221 1893 1227 1899 .
1248 1893 1253 1899 ,
1274 1871 1372 1898 distuli

90 1919 140 1938 om.
158 1910 244 1944 ΒΚΙΙ
258 1910 394 1937 deductus
413 1910 457 1936 H:
476 1910 575 1936 ductus
596 1910 665 1935 LM
677 1911 686 1943 ΙΙ
702 1912 733 1935 13
754 1909 856 1943 securi]
876 1917 954 1935 secus
973 1909 999 1935 ei
1019 1909 1071 1942 ΗΙ]
1091 1910 1123 1934 15
1143 1908 1187 1934 ad.
1207 1916 1230 1933 v.
1251 1910 1303 1933 244
1322 1907 1370 1934 Su-

90 1946 200 1981 perare]
221 1946 349 1972 nauticus
369 1967 374 1972 .
397 1967 402 1972 .
423 1966 428 1971 .
449 1946 589 1972 Minervae
612 1945 639 1970 P
651 1947 660 1978 ΙΙ
681 1948 713 1971 16
733 1944 829 1971 dicant
848 1952 897 1972 om.
917 1944 988 1970 ΒΜ
1001 1945 1010 1978 ΙΙ
1023 1943 1168 1970 buthrotio
1188 1943 1231 1969 H:
1250 1942 1372 1969 butrotio

437 1988 451 2000 V

91 2007 162 2034 ΒΜ
191 2007 340 2035 buthroeio
359 2008 391 2034 K
420 2007 556 2034 bithrotio
576 2007 600 2032 L
633 2007 770 2033 Buthroto
792 2007 954 2032 Masoicius.
992 2006 1025 2038 cf.
1046 2005 1138 2032 adnot.
1161 2005 1220 2031 crit.
1241 2005 1278 2031 ad
1297 2004 1371 2031 Serv.

92 2044 159 2070 Aen.
183 2044 223 2069 111
242 2046 292 2070 293
320 2044 330 2077 l}
359 2047 390 2070 17
412 2043 519 2070 butroti
539 2043 609 2068 ΒΜ
640 2042 764 2069 butrocis
783 2042 815 2068 K
844 2042 947 2068 buthro
967 2041 992 2067 L
1016 2041 1114 2074 (suppl.
1135 2041 1154 2072 l)
1188 2039 1295 2066 butroci
1316 2040 1349 2065 Η
1364 2040 1373 2073 Ιςῑ

93 2081 125 2105 19
145 2079 301 2113 superamu’
322 2079 475 2105 Muellerus
493 2080 502 2111 ss
523 2081 555 2104 21
577 2079 614 2104 od
633 2086 655 2104 v.
676 2080 727 2103 245
747 2077 835 2103 Vasto
855 2085 919 2103 011111
942 2085 1081 2103 murmure
1107 2075 1222 2110 montis]
1245 2076 1326 2101 tanta
1344 2075 1373 2101 ui

93 2135 98 2140 .
116 2135 121 2141 .
138 2135 143 2141 .
162 2122 225 2140 cum
244 2123 385 2141 murmure
404 2114 506 2141 montis
524 2114 551 2139 P
562 2115 572 2147 Ι]
586 2113 706 2148 septem]
726 2113 774 2139 VI.
789 2112 820 2138 K
831 2114 841 2146 1]
855 2116 888 2139 22
904 2113 980 2139 certa
994 2112 1025 2138 K
1037 2113 1046 2146 ΙΙ
1061 2115 1094 2138 23
1114 2113 1194 2138 tanta
1213 2133 1218 2138 .
1235 2132 1240 2137 ,
1257 2133 1263 2139 .
1283 2111 1372 2145 mare]

91 2150 170 2176 tanta.
189 2150 231 2176 uis
251 2151 294 2176 est
311 2150 339 2176 B
367 2151 447 2176 tanta
466 2149 494 2175 ui
516 2150 552 2175 M
573 2150 583 2183 Η
605 2149 748 2175 resonaret
766 2148 837 2174 ΒΜ
864 2149 995 2182 personet
1016 2148 1043 2173 P
1063 2149 1073 2181 1]
1096 2150 1130 2173 24
1155 2148 1184 2173 et
1207 2146 1247 2172 sic
1267 2146 1372 2172 dictum

93 2187 136 2212 est
158 2193 207 2212 om.
227 2185 255 2211 B
262 2186 300 2211 M
305 2185 333 2211 P
353 2187 363 2219 ΙΙ
386 2189 419 2212 26
440 2186 476 2212 ad
495 2194 518 2212 v.
540 2188 591 2211 246
611 2184 698 2218 Mare]
724 2184 748 2210 it
767 2184 846 2217 quasi
865 2184 1031 2218 proruptum
1049 2182 1133 2209 mare.
1171 2181 1260 2208 Varro
1279 2182 1372 2208 autem

94 2219 163 2247 dicit
182 2242 187 2247 .
209 2242 214 2247 .
237 2241 242 2246 .
263 2221 386 2247 solutum
405 2229 490 2247 mare.
523 2219 642 2254 Premit]
662 2220 814 2253 populatur
833 2220 937 2251 vastat;
957 2219 986 2245 in
1005 2218 1062 2245 illis
1081 2217 1156 2245 enim
1175 2217 1243 2244 locis
1263 2225 1374 2243 accessa

95 2257 229 2290 (accessu)
248 2256 333 2282 maris
352 2257 376 2282 it
393 2265 443 2290 per
462 2264 511 2283 ora
530 2255 640 2282 Timaui
659 2264 746 2288 nsque
770 2255 806 2280 ad
829 2254 940 2281 initium
963 2254 1061 2287 fontis,
1085 2254 1138 2280 hoc
1161 2254 1205 2279 est
1227 2261 1314 2285 usque
1338 2251 1373 2277 ad

96 2301 226 2326 montem.
263 2292 314 2327 (ffit
332 2300 454 2327 timauus
477 2301 572 2327 autem
594 2299 623 2326 in
647 2299 753 2333 hystria
773 2290 807 2325 ‘st
824 2299 898 2326 inter
920 2297 1071 2332 aquileiam
1089 2298 1120 2324 et
1137 2297 1299 2329 ter-gestum.
1321 2296 1348 2321 P
1364 2295 1373 2329 1]

95 2337 191 2362 amant
217 2337 365 2370 poetarum
392 2335 526 2362 historiae
546 2335 573 2361 B
606 2336 703 2361 amarit
725 2335 826 2369 poetae
851 2343 909 2361 rem
932 2333 1066 2360 historiae
1087 2332 1220 2359 carmini}
1240 2332 1330 2366 ⁸¹¹0ls'ls
1349 2330 1373 2356 1,

96 2370 237 2403 (carminis
254 2372 339 2404 fuisse
357 2372 478 2404 videtur,
497 2380 513 2398 ο
532 2372 564 2397 in
582 2379 633 2397 suo
652 2371 672 2403 l)

1390 718 1422 741 10

1391 983 1422 1007 15

1389 1250 1423 1273 20

1389 1516 1423 1539 25
