1722 2670
478 131 590 160 COMM.
609 132 649 159 IN
669 132 776 160 VERG.
795 132 878 160 AEN.
900 133 946 160 111.
967 136 1115 161 294—305.
1368 133 1433 165 395

153 216 296 246 cesserat
319 215 419 256 patri:
448 225 468 246 a
491 224 553 256 quo
577 213 734 246 Molossia
758 214 844 246 dicta
868 216 918 246 est
940 226 1016 256 pars
1040 215 1144 257 Epiri,
1169 227 1265 257 quam
1289 215 1433 247 Helenus

152 269 268 308 postea
296 279 315 299 a
342 267 443 299 fratre
472 266 615 308 Chaone,
649 278 744 308 quem
772 267 806 298 in
834 269 951 299 venatu
982 279 1039 309 per
1067 268 1288 312 ignorantiam
1317 269 1434 301 dicitur

154 320 325 362 occidisse,
357 319 538 352 Chaoniam
561 320 756 362 nominavit,
791 321 883 362 quasi
907 321 947 353 ad
972 322 1126 354 solatium
1149 322 1263 354 fratris
1288 323 1432 354 extincti.

152 375 293 414 quamvis
319 375 356 406 de
381 374 436 406 hoc
462 374 587 406 nomine
614 374 707 406 etiam
735 375 817 406 aliae
844 385 954 407 causae
981 376 1067 415 apud
1093 376 1226 407 diversos
1248 376 1328 408 alios
1350 377 1431 408 inve-

153 428 291 460 niantur.
1300 446 1304 450 -
1452 434 1467 458 5

243 481 317 513 300.
353 489 581 513 moe-namon
604 490 720 514 PORTv
740 490 887 514 eLAssns
911 491 955 513 ET
975 490 1106 514 LITORA
1126 491 1302 521 LINQvnNs
1322 482 1434 524 hyste-

153 536 347 576 roproteron
374 534 409 565 in
432 545 542 566 sensu:
575 536 650 566 ante
675 534 762 566 enim
786 534 945 576 linquitur
968 535 1046 567 litus
1071 537 1104 566 et
1128 535 1174 566 sic
1198 546 1217 567 a
1240 537 1337 576 portu
1360 546 1433 577 pro-

154 588 285 620 ceditur.
330 598 405 620 sane
432 587 623 619 securitatem
650 588 737 619 verbo
766 589 908 629 ostendit,
936 589 1039 621 dicens
1063 588 1187 620 ‘classes
1209 594 1236 620 ct
1259 589 1352 620 litora
1375 589 1433 621 Zin-

151 641 270 682 quen-5⁹,
293 642 406 682 quippe
428 652 497 673 cum
518 652 648 682 reynnm
670 642 783 673 civium
800 644 922 682 peteret.
955 642 1047 674 aliter
1069 642 1103 674 in
1120 642 1226 682 primo
1251 642 1359 683 <306>
1383 653 1433 674 ex-

151 695 207 726 ire
229 694 396 735 locosque
418 695 617 735 ewplorare
638 705 756 727 novos.
803 695 983 727 notandum
1007 707 1084 727 sane
1107 696 1237 727 finitum
1266 707 1336 727 esse
1365 707 1433 728 ver-
1454 701 1486 724 10

151 759 223 780 sum
246 748 432 790 participio:
465 748 548 790 quod
572 759 681 780 rarum
706 748 790 790 apud
815 748 948 780 Latinos
974 751 1036 790 est,
1061 748 1146 790 apud
1171 748 1312 781 Graecos
1337 749 1432 781 vitio-

152 801 326 834 sissimum.

239 855 314 887 301.
351 863 554 888 SOLLEMNES
582 865 645 887 non
671 856 779 896 festas,
806 857 860 888 sect
887 856 1067 898 legitimas,
1095 856 1343 889 anniversarias.

151 917 291 940 TRISTIA
321 917 418 941 DONA
449 909 515 940 tale
547 911 596 941 est
626 909 705 941 illud
739 909 791 950 <V
814 909 879 951 49>
913 921 1023 951 quem
1056 920 1205 951 semper
1238 910 1429 951 acerbum,

154 972 305 1003 semper
328 962 573 1004 honoratum,
597 963 652 994 sic
678 962 715 994 di
738 962 940 1004 voluistis,
963 962 1122 994 habebo.
1453 968 1485 992 15

242 1015 316 1047 302.
354 1025 391 1047 ΙΝ
420 1025 511 1048 cho
540 1016 661 1058 lucum,
693 1018 730 1048 ut
763 1027 860 1057 supra
888 1016 926 1057 <I
954 1016 1041 1057 441>
1071 1016 1224 1059 diximus,
1257 1029 1432 1059 numquam

107 1100 110 1103 ,
151 1068 245 1110 ponit
269 1069 339 1100 sine
362 1069 535 1111 religione3
559 1081 635 1101 nam
655 1069 689 1101 in
707 1069 788 1111 ipsis
808 1069 960 1101 habitant
979 1080 1091 1101 manes
1111 1070 1249 1112 piorum,
1273 1071 1328 1112 qui
1347 1071 1431 1103 lares

151 1122 252 1154 viales
277 1124 365 1154 sunt:
389 1121 472 1154 unde
492 1123 525 1154 in
546 1124 637 1155 sexto
653 1123 762 1164 <673>
785 1123 887 1155 nulli
907 1125 1013 1155 certa
1033 1123 1179 1165 domus;
1204 1124 1302 1156 lucis
1322 1124 1432 1156 habi-

150 1176 275 1207 tamus
300 1176 444 1218 opacis.
476 1179 505 1208 et
526 1177 561 1208 in
583 1177 689 1217 quinto
709 1177 819 1218 <760>
839 1177 1051 1217 tumuloque
1073 1178 1243 1210 sacerdos
1265 1188 1306 1210 ac
1330 1178 1433 1210 lucas

152 1229 227 1261 late
253 1230 537 1261 sacer'adclitur
567 1229 756 1262 Anchiseo.
802 1233 831 1261 et
856 1230 906 1262 hio
933 1230 1031 1269 lacus,
1059 1231 1114 1271 qui
1136 1232 1179 1263 ad
1200 1232 1353 1264 reddenda
1375 1232 1432 1264 sol·
1451 1235 1485 1259 20

152 1282 266 1315 lemnia
289 1283 418 1315 Hectori
440 1286 468 1315 et
490 1283 677 1324 Astyanacti
698 1284 804 1323 fuerat
825 1284 952 1316 dicatus.
1043 1293 1144 1316 FALSI
1169 1285 1324 1316 simulati.

239 1336 314 1368 303.
334 1350 461 1369 umen
477 1349 578 1369 omem
597 1347 659 1368 non
681 1337 762 1368 dixit
783 1337 878 1375 cuias,
902 1337 956 1369 sed
976 1338 1048 1369 exin
1072 1338 1092 1377 †
1105 1337 1213 1370 latinis
1235 1338 1431 1380 intellegitur.

150 1390 194 1422 sie
216 1393 244 1422 et
267 1389 412 1422 ‘mane-3⁹.
545 1399 732 1428 MANESQVE
758 1398 919 1422 VOCABAT
943 1391 1109 1422 sacrificiis
1133 1391 1222 1423 inani
1247 1392 1432 1433 sepulturae

152 1443 348 1476 conciliabat
372 1454 482 1475 manes
506 1443 694 1475 Hectoreos.
733 1445 765 1475 et
788 1443 870 1475 bene
894 1443 931 1475 in·
952 1444 1033 1485 luco,
1056 1446 1092 1476 ut
1115 1444 1256 1477 diximus
1281 1456 1385 1487 supra.

241 1497 316 1529 304.
353 1506 400 1528 AD
426 1506 599 1529 'rvuvnviu
628 1497 660 1528 id
689 1498 739 1528 est
766 1497 991 1538 cenotaphion.
1125 1507 1239 1530 vnum
1264 1507 1430 1531 CAEsm'rn
1451 1502 1484 1526 25

151 1550 300 1582 herboso.

242 1602 317 1635 305.
354 1612 509 1636 GEMINAS
534 1615 631 1635 unam
656 1604 790 1645 marito,
812 1604 950 1635 alteram
974 1604 1057 1636 filio:
1090 1607 1147 1637 aut
1171 1607 1256 1637 certe
1279 1605 1360 1636 illud
1385 1617 1432 1637 re-

152 1656 259 1698 spicit,
273 1657 350 1698 quia
363 1657 460 1689 inferi
474 1657 547 1698 pari
561 1656 705 1698 gaudent
719 1667 861 1698 numero,
886 1658 922 1688 ut
946 1668 1030 1689 ecce
1053 1657 1146 1689 duas
1170 1658 1246 1690 tibi
1266 1658 1432 1700 Daphni,

153 1710 261 1751 superi
280 1721 356 1742 vero
376 1710 491 1751 inpari,
514 1712 551 1742 ut
573 1721 729 1742 numero
754 1710 845 1742 deus
869 1710 1004 1752 inpare
1028 1711 1185 1752 gaudet:
1208 1713 1254 1744 vel
1273 1712 1431 1754 ‘yeniinas'

151 1763 225 1795 Diti
240 1764 331 1804 patri
353 1766 381 1795 ct
403 1763 624 1805 Proserpinam
653 1765 674 1804 †
689 1766 745 1795 aut
766 1764 842 1804 qaia
864 1764 962 1796 datae.
1009 1763 1113 1807 (sane)
1137 1768 1328 1798 mortuorum
1350 1776 1432 1807 arae,
1452 1770 1486 1793 30

225 1854 258 1878 27
278 1852 327 1878 aut
346 1852 420 1878 certe
439 1851 511 1878 illud
529 1860 552 1879 e.
573 1861 598 1885 q.
573 1851 651 1885 qs]
673 1851 706 1878 cf.
726 1851 805 1879 Luct.
825 1852 899 1878 Plac.
920 1852 955 1879 ad
975 1851 1045 1879 Stat.
1065 1852 1153 1879 Theb.
1173 1853 1198 1879 V
1218 1855 1251 1879 86
1270 1853 1279 1887 ΙΙ
1300 1856 1335 1880 28
1355 1853 1431 1888 ecce]

153 1887 215 1914 buc.
234 1886 260 1913 V
279 1888 384 1921 661129
403 1888 530 1922 numero]
550 1887 611 1914 bue.
632 1887 697 1914 VIII
717 1890 750 1914 75

224 1970 237 1993 1
258 1967 333 2002 patri
352 1976 369 1994 a
388 1967 456 2001 quo]
476 1967 537 2001 pati
555 1976 572 1994 a
590 1975 644 2001 que
665 1967 696 1993 F
719 1967 867 2002 patriaque
888 1968 911 1994 C
928 1969 937 2002 ss
956 1968 1076 1995 molosia
1094 1968 1119 1994 L
1126 1968 1200 1995 HM
1216 1969 1225 2003 ΙΙ
1244 1969 1340 2003 quam]
1361 1969 1434 1995 sicut

153 2003 261 2029 dictum
285 2004 327 2029 est
345 2003 408 2030 add.
429 2003 460 2029 F
465 2002 492 2030 G.
517 2004 552 2036 cf.
573 2004 617 2030 act.
637 2011 661 2030 v.
682 2004 786 2037 293113
807 2003 955 2030 cahoniam
974 2004 1007 2030 Η
1018 2005 1027 2038 ΙΙ
1043 2008 1056 2031 7
1076 2004 1227 2045 linquitur]
1244 2004 1369 2038 loquitur
1383 2005 1413 2030 F
1424 2004 1433 2039 ΙΙ

152 2038 330 2073 progreditus
350 2039 387 2065 M
404 2039 427 2072 (t
446 2039 607 2073 proceditur
624 2047 757 2072 superscr.
778 2040 838 2073 712)ss
853 2042 868 2066 8
889 2040 925 2066 ad
943 2039 1109 2074 progredior
1128 2060 1134 2066 .
1155 2060 1160 2066 .
1208 2039 1337 2074 linquens
1355 2048 1431 2074 supr.

151 2082 218 2100 vers.
245 2074 298 2100 hoc
317 2074 434 2101 dicendo
454 2074 633 2101 securitatem
652 2074 774 2101 ostendit
792 2074 858 2108 quia
877 2075 980 2101 ciuium
999 2084 1122 2109 regnap
1103 2075 1218 2109 petebat
1239 2075 1263 2101 Τ
1284 2077 1293 2109 ,Ι
1317 2078 1346 2102 11
1369 2084 1432 2102 raro

155 2109 213 2136 FC'
233 2110 242 2143 ΙΙ
265 2109 488 2145 uitiosissimum]
509 2110 721 2137 usitatissimum
742 2111 811 2136 coni.
831 2110 965 2144 Hayenus
981 2111 992 2144 fl
1016 2114 1048 2137 13
1068 2119 1123 2138 non
1141 2110 1240 2144 festas,
1261 2111 1308 2138 sed
1329 2111 1352 2137 O
1370 2113 1379 2145 ΙΙ
1400 2114 1433 2138 14

154 2154 258 2171 rmsrm
276 2155 346 2171 nom
365 2146 466 2172 acerba
483 2146 541 2172 tale
561 2154 581 2173 e.
601 2155 624 2180 q.
644 2154 664 2172 s.
684 2146 788 2172 Daniel
802 2146 811 2179 ΙΙ
827 2149 858 2172 17
878 2145 1002 2180 ipsorum
1016 2146 1047 2173 E
1064 2147 1088 2181 (t
1106 2146 1217 2181 piorum
1235 2155 1368 2180 superser.
1387 2147 1409 2179 e)
1425 2148 1432 2179 ij

155 2182 186 2206 18
207 2180 285 2207 nulla
298 2180 328 2206 E
340 2181 350 2214 ΙΙ
363 2181 440 2208 lucos
459 2181 620 2208 habitamus
640 2190 741 2216 opacos
762 2181 792 2207 F
807 2181 825 2208 l.
845 2181 872 2208 h.
892 2190 916 2208 o.
938 2181 981 2216 011
995 2185 1028 2209 20
1047 2182 1104 2209 late
1123 2191 1172 2209 om.
1189 2182 1220 2208 F
1231 2183 1240 2215 ΙΙ
1254 2182 1366 2208 achiseo
1382 2182 1413 2208 F

152 2219 185 2241 21
206 2215 313 2242 dicatos
334 2216 430 2250 F1122
450 2227 544 2243 ommis
565 2217 595 2243 F
606 2218 615 2251 ΙΙ
629 2216 714 2243 latius
724 2217 828 2243 Daniel
847 2217 914 2244 satis
925 2226 970 2250 eqo
990 2226 1023 2244 ex
1042 2218 1113 2244 infra
1132 2218 1214 2245 dictis
1226 2218 1260 2245 F
1268 2218 1417 2244 Schoellius

154 2254 189 2277 23
208 2251 299 2278 inanis
318 2252 344 2277 L
358 2252 368 2285 ΙΙ
381 2254 415 2278 25
434 2253 563 2279 scholium
583 2253 619 2279 ad
638 2253 673 2279 ad
692 2253 831 2279 tumulum
851 2261 900 2280 om.
921 2253 952 2279 F
962 2254 972 2287 l}
986 2254 1140 2280 cenetafion
1161 2254 1184 2280 0
1210 2253 1383 2280 caenetafion
1403 2253 1437 2279 H

153 2287 310 2313 canetafion
328 2287 358 2312 E
370 2288 379 2321 ΙΙ
393 2290 426 2314 28
446 2288 524 2323 quia]
545 2296 610 2314 nam
626 2288 683 2314 FC
699 2288 767 2322 quid
781 2288 815 2314 ΙΙ
825 2289 834 2322 ΙΙ
848 2290 909 2316 ut..
922 2297 1049 2316 Unumeio
1068 2297 1118 2316 orn.
1131 2290 1154 2316 G
1166 2291 1175 2322 ΙΙ
1189 2292 1223 2316 30
1242 2289 1301 2315 Diti
1316 2289 1432 2314 Daniel:

155 2321 224 2349 dicti
242 2322 272 2348 F
283 2323 293 2356 ΙΙ
315 2322 411 2358 datae]
430 2323 522 2351 elatae
542 2324 654 2351 Daniel.
683 2332 700 2350 a
699 2297 804 2350 quidua
823 2310 909 2351 datas'
923 2324 958 2351 F.
979 2325 1134 2352 Schoellius.
1171 2326 1286 2358 sortasse
1304 2324 1382 2350 aut‘
1385 2332 1431 2358 ge-

153 2357 255 2384 minas'
278 2358 347 2385 duas
