1630 2684
473 139 586 182 coMM.
606 154 646 181 IN
664 153 773 181 VERG.
792 154 877 182 AEN.
895 154 929 181 11.
949 157 1100 181 244-254.
1359 152 1422 184 261

140 236 258 268 vivam:
282 236 360 269 licet
383 235 554 268 Terentius
578 234 703 267 Graeco
727 246 816 267 more
842 235 961 267 dixerit
989 246 1122 277 agrum
1151 236 1191 267 in
1214 236 1274 268 his
1298 236 1423 277 regio-

140 289 256 321 nibus
280 289 479 321 meliorem
501 299 622 330 neque
641 289 764 330 pretii
787 288 946 321 maioris
971 299 1080 320 nemo
1104 289 1232 321 habet.
1301 302 1424 322 camum

140 343 269 375 dubium
291 353 312 374 a
334 352 392 383 quo
414 342 502 378 verbo
524 343 640 383 veniat,
663 344 692 374 et
709 353 752 374 au
773 342 962 383 femininum
980 342 1022 374 sit
1039 343 1197 383 simulare
1209 344 1423 385 participium,

142 407 184 429 an
207 399 351 429 neutrum
366 395 502 437 plurale.

228 450 303 482 249.
340 458 452 482 FESTA
480 458 622 481 FRONDE
656 461 738 491 quae
766 449 868 482 festos
897 449 1019 481 indicat
1047 449 1129 491 dies,
1162 450 1207 482 vel
1234 460 1312 491 quae
1336 450 1423 490 festis
1443 458 1458 481 5

140 503 245 536 diebus
272 503 447 544 adhibetur,
475 505 513 535 ut
540 503 664 544 laurus,
687 503 775 535 oliva
804 505 837 535 et
865 503 994 535 similia.
1100 512 1263 535 VELAMVS
1293 514 1424 535 corona—

142 568 227 599 mus,
255 559 292 589 ut
315 556 366 598 <V
390 556 477 598 366>
500 557 645 588 victori
674 557 844 589 velatum
873 568 965 589 auro
993 557 1185 599 vittisque
1212 557 1424 589 iuvencum.

228 610 303 642 250.
340 618 517 642 VERTITVR
545 619 686 643 CAELVM
717 606 815 652 atqui'
840 610 1009 652 epitheton
1036 610 1098 642 hoc
1122 610 1204 642 caeli
1231 612 1424 652 perpetuum

140 665 204 696 est:
231 664 288 696 sed
316 662 487 696 ‘vertitur'
515 665 565 695 est
593 663 643 695 ‘in
673 663 773 696 aliam
801 663 917 695 faciem
946 663 1193 705 commutatur',
1221 664 1305 705 quod
1334 675 1423 695 more

141 729 199 750 suo
222 717 379 759 explanat
402 717 621 759 sequentibus.
711 726 794 749 RVH*
820 725 957 749 OCEANO
987 717 1134 748 nascitur
1157 717 1196 748 de
1220 716 1363 758 Oceano,
1387 719 1423 749 ut
1444 724 1476 748 10

140 771 222 803 ruit
245 772 367 803 atram
391 770 436 803 ad
459 770 607 802 caelum
634 771 746 812 picea
774 782 928 803 crassus
958 770 1130 811 caligine
1158 770 1304 802 nubem.
1350 770 1423 802 ideo

142 826 251 856 autem
280 823 388 866 ‘ruit’,
416 824 492 866 quia
520 824 619 856 altius
648 826 698 856 est
726 835 814 856 mare
843 835 941 866 quam
968 825 1068 865 terra,
1097 826 1134 855 ut
1157 824 1296 855 diximus
1325 835 1424 865 supra

142 877 179 919 <1
203 878 299 920 381>
335 880 392 910 aut
412 880 489 910 certe
512 877 607 909 ‘ruit'
631 888 700 910 cum
723 879 838 919 impetu
861 880 890 910 et
908 877 1104 918 festinatione
1126 878 1220 919 veuit,
1242 879 1279 909 ut
1300 877 1337 918 <I
1360 877 1423 918 83>

138 942 211 972 qua
238 932 327 964 data
349 934 462 973 porta
489 933 611 963 ruunt.
656 942 731 964 sane
757 931 905 973 sphaerae
932 933 1013 964 ratio
1040 931 1094 963 hoc
1123 931 1224 973 habet,
1253 933 1290 963 ut
1317 931 1424 963 onmia

137 985 266 1019 diversis
287 985 403 1017 vieilms
425 985 504 1017 sicut
526 986 619 1027 oriri,
641 986 689 1017 ita
711 988 739 1018 et
759 995 849 1017 ruere
871 986 1043 1017 videantur.
1443 991 1475 1014 15

229 1038 305 1070 251.
342 1047 460 1070 VMBRA
485 1047 608 1070 MAGNA
631 1039 664 1070 id
685 1041 734 1070 est
757 1040 877 1070 terrae:
901 1039 934 1070 et
958 1037 1104 1070 definitio
1130 1039 1180 1069 est
1202 1038 1316 1070 noctis.

228 1092 301 1124 252.
339 1100 653 1130 MYRMIDONVMQVE
673 1100 789 1124 DOLOS
810 1103 829 1123 a
848 1091 1056 1133 generalibus
1079 1091 1119 1122 ad
1140 1091 1296 1132 specialia
1314 1091 1423 1123 venire

139 1145 296 1177 vitiosum
320 1147 383 1186 est,
413 1144 478 1176 nisi
500 1144 585 1176 forte
608 1144 759 1176 redeatur
787 1144 827 1176 ad
855 1155 1000 1186 eausam,
1027 1146 1065 1175 ut
1091 1144 1154 1176 hoc
1182 1144 1263 1176 loco.
1355 1157 1427 1177 Fvst

143 1199 275 1239 dispersi
296 1199 317 1239 †
322 1209 380 1239 per
401 1208 460 1230 sua
478 1198 612 1238 quisque.
650 1208 692 1229 an
711 1198 754 1229 ad
770 1197 909 1229 habitum
927 1197 1045 1229 rettulit
1067 1197 1284 1229 dormientium
1306 1207 1423 1230 securo-

143 1251 294 1292 rumque?
384 1248 616 1283 pnn‘moEmA
643 1262 702 1292 per
729 1251 857 1292 domos,
885 1252 921 1282 ut
945 1261 1043 1292 supra
1067 1251 1174 1292 <234>
1205 1252 1241 1282 et
1271 1251 1423 1283 moenia
1441 1259 1475 1281 20

140 1305 345 1346 pandimus
369 1305 492 1337 urbis:
516 1304 676 1337 ‘moenia'
701 1305 788 1336 enim
812 1306 845 1336 et
868 1304 999 1345 publica
1023 1306 1056 1336 et
1078 1304 1207 1345 privata
1229 1304 1388 1336 dicuntur.

228 1358 303 1390 253.
345 1371 525 1391 com'mVERE
546 1359 755 1390 dormierunt:
779 1369 816 1390 ex
839 1358 1086 1398 consequentibus
1108 1358 1221 1398 priffa
1244 1358 1422 1399 intellegun-

139 1414 199 1443 tur.
266 1424 371 1444 fessos
390 1424 486 1444 anrvs
507 1414 563 1444 aut
582 1412 779 1453 ymeraliter,
801 1412 877 1452 quia
901 1412 1002 1444 omnis
1020 1412 1175 1444 dormiens
1193 1412 1284 1452 quasi
1304 1412 1421 1452 fessus:

138 1467 194 1498 aut
217 1464 341 1506 ‘fessos’
366 1465 511 1498 trahendo
536 1476 646 1506 equum
669 1466 874 1506 diruendoque
896 1476 1011 1498 muros.

229 1518 303 1552 254.
340 1527 507 1551 PHALANX
531 1519 645 1561 lingua
663 1518 876 1551 Macedonum
899 1518 995 1560 legio.
1034 1521 1066 1551 et
1086 1521 1136 1551 est
1155 1529 1174 1550 a
1193 1520 1285 1560 parte
1304 1520 1421 1560 totum,
1441 1525 1474 1548 25

214 1655 226 1678 1
247 1651 404 1686 Terentius]
424 1651 548 1679 heauton
566 1651 626 1678 tim.
647 1652 658 1677 1
679 1654 702 1686 1,
724 1654 754 1677 11
770 1652 780 1685 ss
800 1654 831 1677 11
851 1650 919 1685 ruit]
940 1658 1034 1685 georg.
1056 1651 1082 1677 ΙΙ
1101 1653 1152 1677 308

214 1780 228 1803 1
249 1776 396 1804 Terentius
417 1776 517 1804 fecerit
535 1784 612 1804 more
631 1784 731 1811 graeco
753 1775 781 1802 P
792 1776 802 1810 ΙΙ
816 1775 928 1810 dixerit]
948 1775 1029 1802 duxit
1046 1775 1072 1802 L
1091 1776 1169 1807 (corr.
1189 1776 1248 1802 ead.
1267 1776 1351 1808 man.)
1365 1776 1375 1809 ss
1393 1775 1422 1801 in

140 1812 185 1840 his
205 1812 366 1847 regionibus
385 1820 434 1840 om.
457 1812 485 1838 P
501 1814 510 1846 ΙΙ
533 1815 548 1839 2
568 1811 669 1846 praetii
690 1811 749 1838 CH
768 1812 778 1846 [Ι
801 1814 816 1838 3
837 1811 977 1845 singulare
1002 1811 1038 1837 sit
1059 1811 1111 1845 Pu
1134 1814 1151 1837 4
1170 1808 1240 1837 an'ne
1260 1812 1353 1837 utrum
1374 1810 1397 1837 G
1414 1811 1421 1862 [Ι

143 1851 159 1875 5
178 1849 216 1875 ad
234 1857 259 1875 v.
279 1851 330 1874 249
355 1848 439 1875 Festa
461 1848 572 1883 fronde]
598 1856 668 1881 quae
691 1847 779 1874 festos
803 1867 809 1873 .
832 1868 837 1873 .
858 1867 864 1873 .
889 1846 973 1873 oliua.
1011 1846 1155 1881 Velamus]
1180 1854 1353 1873 coronamus.
1374 1846 1416 1879 P.

145 1887 160 1910 6
181 1883 269 1919 oliua]
289 1883 366 1911 olnia
384 1884 418 1910 H
433 1883 538 1910 hedera
556 1884 620 1910 add.
640 1883 670 1909 D
688 1886 712 1909 et
727 1883 882 1916 Stephanus
896 1884 905 1916 ΙΙ
919 1890 1051 1908 coronam
1070 1882 1103 1908 H
1114 1883 1123 1915 ΙΙ
1138 1884 1152 1908 7
1172 1881 1282 1908 uelatur
1300 1881 1365 1907 LH
1367 1881 1397 1907 E
1413 1882 1415 1915 A

142 1919 276 1954 vittisque
295 1919 442 1946 iuvencum
462 1927 512 1945 om.
533 1919 556 1946 0
576 1920 586 1953 ΙΙ
609 1918 738 1952 uitasque
756 1918 782 1944 L
805 1918 948 1951 uittasque
967 1917 1033 1943 HE
1054 1919 1063 1951 Η
1086 1919 1102 1943 8
1126 1918 1163 1944 ad
1181 1925 1204 1943 v.
1226 1919 1277 1943 250
1296 1917 1422 1943 Vertitur

143 1955 251 1982 caelum
294 1954 439 1989 epitheton
468 1954 539 1981 caeli
566 1956 733 1988 perpetuum
762 1954 805 1980 est
829 1974 833 1980 .
855 1974 886 1980 ..
917 1954 1104 1979 commutatur
1132 1953 1318 1985 (comotatur).
1356 1952 1423 1979 Ruit

141 1998 245 2018 oceano
279 1991 312 2017 ut
328 1990 386 2017 ruit
405 2012 410 2018 .
427 2011 433 2016 .
450 2011 456 2016 .
476 1990 587 2017 nubem.
625 1991 674 2016 aut
697 1989 754 2015 ruit
776 1989 884 2022 impetu
905 2010 910 2015 .
927 2009 932 2014 .
949 2009 954 2015 .
975 1989 1065 2015 ruunt.
1092 1988 1120 2014 P
1140 1989 1150 2022 ΙΙ
1172 1989 1257 2022 atque
1276 1988 1310 2014 H
1329 1989 1339 2022 ΙΙ
1361 1996 1422 2022 per-

143 2026 258 2060 petuum
286 2026 340 2060 est]
369 2034 434 2052 nam
458 2034 610 2059 numquam
635 2026 692 2052 stat
717 2025 765 2051 sed
789 2032 898 2058 semper
921 2025 1050 2051 mouetur
1073 2025 1102 2050 et
1127 2023 1252 2050 uoluitur
1274 2024 1338 2050 add.
1362 2023 1393 2049 Ε
1414 2024 1416 2056 Ι

143 2064 159 2088 9
179 2061 228 2088 sed
246 2061 366 2088 uertitur
385 2061 414 2087 id
433 2062 477 2088 est
497 2061 533 2087 Μ
560 2061 609 2088 sed
626 2060 673 2087 hic
692 2060 811 2087 uertitur
830 2060 873 2086 est
891 2059 921 2085 E
947 2059 996 2086 sed
1021 2059 1141 2086 uertitur
1158 2067 1231 2085 nunc
1255 2060 1298 2085 est
1316 2059 1397 2093 vulyo
1414 2060 1416 2084 ἶ

143 2098 268 2124 mutatur
288 2097 311 2124 0
328 2098 528 2131 (commutatur
548 2096 615 2130 0²)11
630 2099 662 2123 10
682 2096 711 2122 in
730 2095 910 2129 sequentibus
930 2095 953 2122 G
958 2095 994 2121 M
999 2095 1048 2129 less
1064 2098 1095 2121 12
1116 2095 1158 2122 est
1176 2103 1226 2121 om.
1246 2094 1270 2121 Ο
1281 2095 1290 2128 ΙΙ
1304 2095 1336 2120 ut
1354 2094 1423 2120 dixi-

141 2141 203 2159 mus
229 2141 313 2167 supra
338 2141 387 2159 om.
410 2132 433 2159 C
453 2133 463 2167 ΙΙ
487 2136 519 2159 13
546 2132 624 2159 venit
650 2132 691 2158 bis
714 2132 847 2164 scriptum
872 2133 931 2157 erat
956 2131 987 2157 iu
1012 2130 1048 2163 Ο,-
1074 2131 1189 2157 alterum
1214 2138 1322 2157 erasum
1345 2132 1390 2156 est.
1414 2130 1423 2163 Η

143 2170 177 2195 14
201 2176 298 2202 sperae
324 2168 347 2195 0
368 2169 377 2203 ΙΙ
402 2171 433 2195 16
457 2168 560 2201 noctis,
585 2176 646 2194 cum
672 2167 713 2193 sol
737 2166 809 2193 infra
830 2166 1066 2200 hemisphaerium
1092 2166 1122 2192 in
1145 2165 1315 2192 contrarium
1338 2165 1423 2191 iaciat

144 2203 285 2238 umbram,
310 2212 381 2238 quae
405 2212 459 2230 nox
483 2205 533 2230 est.
558 2203 588 2229 D
610 2204 619 2237 ΙΙ
642 2206 674 2229 18
700 2202 779 2228 redut
802 2202 827 2228 L
854 2201 952 2228 redeat
976 2202 1026 2228 Ml
1048 2202 1058 2235 ΙΙ
1083 2205 1114 2228 19
1131 2197 1190 2235 sper
1215 2209 1266 2227 sua
1291 2200 1420 2234 quisque]

142 2247 193 2272 pro
213 2247 242 2266 se
260 2239 377 2273 quisque
396 2240 467 2266 coni.
482 2239 619 2273 Berykius
638 2247 686 2272 per
705 2238 764 2264 vias
783 2237 936 2270 domusque
951 2237 987 2264 F.
1003 2237 1151 2264 Schoellius
1165 2238 1175 2271 ss
1188 2236 1236 2271 an]
1256 2236 1312 2263 iam
1331 2238 1422 2262 enota-

145 2274 184 2300 vit
202 2274 374 2309 Scioppius„
395 2275 430 2301 ad
449 2275 578 2301 habitum
598 2274 648 2301 0²:
668 2273 826 2300 adhibitum
847 2273 937 2307 01122
957 2273 995 2299 ad
1012 2281 1036 2299 v.
1056 2275 1107 2299 253
1128 2271 1303 2305 Conticuere]
1323 2271 1420 2297 docue-

143 2310 209 2335 runt
234 2331 240 2336 .
261 2331 291 2337 ..
319 2310 527 2344 intelleguntur.
565 2310 665 2336 Fessos
693 2308 782 2343 artus]
807 2308 944 2336 trahendo
973 2316 1082 2342 equum.
1114 2308 1141 2334 P
1166 2309 1176 2342 ΙΙ
1201 2310 1235 2334 25
1263 2307 1300 2333 ad
1321 2315 1346 2333 v.
1370 2308 1421 2332 254

146 2344 281 2380 Phalanx]
305 2346 404 2380 lingua.
426 2345 611 2372 Macedonum
635 2344 833 2379 (macidonum)
856 2344 939 2379 legio.
982 2346 1012 2370 et
1038 2343 1210 2378 synecdoche
1238 2351 1256 2369 a
1278 2342 1358 2375 parte
1381 2342 1420 2369 to-

143 2382 203 2409 tum
223 2402 228 2408 .
245 2402 250 2407 .
268 2402 273 2407 .
310 2381 385 2417 Ibat]
403 2381 544 2425 ueniebat.
569 2381 597 2407 P
