1630 2684
465 144 579 174 COMM.
597 145 639 173 IN
656 145 764 173 VERG.
784 146 867 173 AEN.
886 146 919 173 ΙΙ.
939 149 1053 174 51—60.
1331 146 1396 179 225

208 226 261 259 56.
293 234 422 259 STABES
441 226 470 258 si
489 225 615 259 ‘staret’
634 227 766 269 legeris,
786 227 956 260 ‘maneres'
972 228 1117 270 sequitur
1136 230 1270 271 propter
1285 226 1396 270 ὁμοιο-

119 278 283 313 τέλευτον.
329 281 362 313 et
384 281 434 312 est
456 280 663 322 apostropha.

211 333 262 365 57.
299 346 370 366 εσσε
386 345 487 366 murs
508 333 581 366 haec
596 334 758 374 particula
774 345 871 375 prope
893 344 957 367 rem
973 337 1089 376 yestam
1107 338 1178 367 ante
1196 336 1295 368 oculos
1314 336 1396 368 leoto-

119 387 166 419 ris
187 387 314 419 inducit.
357 397 432 419 sane
453 396 542 428 saepe
564 388 679 420 dictum
702 390 757 426 est,
787 388 955 429 Verqilium
982 389 1106 420 inventa
1136 389 1289 421 occasione
1315 399 1396 421 men-

120 441 231 473 tionem
252 440 332 472 iuris
349 440 538 480 pontificalis
564 440 664 480 facere
686 441 721 472 in
743 451 932 482 quacumque
950 452 1092 482 persona.
1137 443 1274 482 antiquis
1298 443 1398 483 itaque
1416 448 1431 471 5

119 493 313 535 caerimoniis·
335 495 459 525 cautum
482 496 560 531 erat,
587 504 626 525 ne
652 494 771 526 vinctus
797 495 976 535 flaminiam
1003 495 1156 536 introiret,
1183 495 1212 527 si
1234 496 1396 536 introisset,

118 547 281 580 solverem
307 546 466 587 vinclaque
486 557 546 587 per
567 547 752 588 impluvium
775 547 1002 587 effunderentur
1024 549 1116 589 inque
1137 549 1221 580 viam
1239 549 1397 589 publicam

117 594 289 632 eicerenmr.
339 600 486 640 flaminia
513 603 613 632 autem
641 602 749 633 domus
775 601 916 641 flaminis
942 602 1069 643 dicitur,
1098 602 1177 633 sicut
1205 602 1293 643 reyia
1317 602 1397 642 reyis

117 653 233 686 domus.
265 653 372 693 [quod]
391 653 440 684 hic
458 654 493 685 de
513 653 629 686 Sinone
651 665 715 686 rem
738 655 878 694 flaminis
901 666 922 686 a
943 666 1010 696 reye
1030 655 1147 695 factam
1165 656 1307 687 debemus·
1320 656 1396 687 acci-

110 715 193 748 pere,
211 706 319 747 (146)
339 707 415 746 ipse
432 707 513 738 viro
532 708 678 747 primus
700 709 868 739 manicas
890 711 998 748 atque
1020 711 1105 740 arta
1129 709 1249 740 levari
1271 709 1397 740 vincla
1417 714 1449 737 10

116 757 216 791 iubet
245 759 441 798 Priamus;
474 761 555 800 quod
585 761 704 800 factum
735 761 791 792 sub
823 762 906 802 divo,
938 762 991 793 illo
1019 772 1106 793 versu
1134 762 1263 794 ostendit
1290 761 1396 802 (153)

116 813 275 854 sustulit
295 816 426 845 eoeutas
447 814 585 845 vinclis
607 815 655 846 ad
675 815 802 846 sidera
819 814 968 854 palmas
990 817 1019 846 et
1041 814 1147 856 (154)
1170 825 1231 847 vos
1254 815 1398 846 aeterni

117 866 231 908 iynes,
258 867 294 898 id
314 869 359 898 est
379 867 498 899 sidera:
528 868 609 908 quod
634 868 738 908 utique
764 868 930 908 inconyrue
956 867 1070 900 dictum
1097 868 1229 909 videtur,
1256 868 1320 900 nisi
1342 868 1397 899 sub

116 919 185 951 divo
207 918 355 952 Sinonem
382 923 514 952 stantem
541 920 613 952 haec
639 921 754 953 dioeisse
776 922 972 961 accipiamus.
1018 921 1084 953 ideo
1111 924 1213 953 autem
1237 920 1395 953 ‘iuvenem’

116 973 240 1005 dicendo
263 983 373 1005 nomen
396 974 564 1014 suspendit,
587 984 646 1014 quo
665 975 792 1015 yravior
813 975 955 1006 narratio
977 975 1075 1015 fieret,
1097 975 1126 1006 si
1146 975 1252 1006 ordine
1273 985 1328 1006 suo
1350 985 1396 1006 re·
1417 980 1449 1003 15

115 1025 270 1066 ferrentur
291 1037 369 1067 quae
388 1029 473 1068 qesta
495 1030 576 1059 sunt.
666 1036 783 1059 MANVS
806 1036 1009 1059 nnvmcrvm
1032 1029 1070 1059 ut
1092 1027 1129 1068 <1
1152 1028 1238 1069 228>
1263 1028 1396 1060 oculos

117 1078 278 1112 suffusa.

207 1132 258 1165 58.
297 1142 509 1165 TRAHEBANT
547 1144 619 1165 eum
655 1134 863 1166 festinatione
899 1133 1114 1174 adducebant,
1152 1135 1187 1166 ut
1218 1134 1287 1174 (VI
1313 1134 1397 1175 753>

118 1188 332 1218 conventus
355 1187 480 1218 trahit
504 1187 542 1218 in
566 1186 720 1218 medios.
750 1189 782 1218 et
802 1187 897 1218 modo
918 1185 1124 1218 ‘trahebant'
1144 1186 1185 1218 ad
1204 1186 1397 1219 desiderium

117 1239 289 1271 ducentum
310 1242 343 1271 et
359 1239 487 1271 Sinonis
506 1240 650 1281 pertinet
668 1239 918 1271 simulationem.
951 1250 1014 1271 non
1031 1240 1106 1279 quia
1124 1240 1269 1271 renititur
1288 1239 1397 1281 Sinon,
1416 1245 1450 1268 20

117 1302 192 1324 nam
215 1293 406 1325 eontrarium
428 1295 503 1325 esset
526 1292 595 1333 ‘qui
617 1303 648 1324 se
670 1293 809 1333 iynotum
831 1292 1018 1324 venientibus
1039 1291 1147 1324 ultro'.

207 1345 260 1378 59.
297 1354 375 1384 QVIS
400 1354 439 1378 SE
463 1346 579 1387 quibus
603 1357 647 1378 se.
694 1346 751 1377 alii
775 1346 846 1388 ‘qui
869 1345 919 1378 se'
943 1346 1065 1388 legunt.

118 1439 122 1442 θ
208 1399 259 1431 60.
297 1413 353 1432 Hoc
370 1402 462 1444 nsvin
477 1400 523 1432 vel
540 1402 576 1431 ut
593 1402 758 1441 caperetur,
772 1400 817 1431 vel
836 1400 917 1440 quod
931 1399 1043 1431 Graeci
1060 1399 1258 1431 simulabant.
1326 1407 1396 1431 HOC

119 1461 224 1485 IPSVM
248 1464 306 1494 per
330 1452 404 1494 ‘m',
429 1453 505 1495 quia
528 1455 719 1494 usurpatum
743 1455 793 1484 est
817 1452 932 1494 ‘ipse’‚
965 1454 997 1483 et
1020 1455 1070 1484 est
1093 1453 1242 1484 naturale
1267 1451 1397 1493 ‘ipsus'‚

118 1508 154 1538 ut
178 1507 289 1548 ipsus
311 1506 404 1538 mihi
428 1506 567 1538 Davus.
614 1506 750 1538 dicimus
774 1516 853 1547 ergo
883 1505 987 1547 ‘ipsus
1016 1506 1088 1548 ipsa
1111 1505 1244 1548 ipsum',
1267 1509 1303 1537 ut
1327 1505 1397 1537 ‘do-
1417 1510 1450 1534 25

118 1623 206 1682 Andrk')
223 1620 462 1682 ῗΙιίίῖίἓιιίᾗίῖαᾳυθ
484 1640 489 1645 .
511 1641 516 1646 .
538 1640 543 1646 .
562 1620 636 1654 regis
655 1620 766 1655 domus]
786 1619 820 1646 cf.
841 1619 947 1646 Gellius
966 1619 991 1645 X
1011 1622 1052 1653 15,
1073 1622 1137 1654 qu.
1152 1620 1162 1654 ΙΙ
1176 1622 1208 1646 25
1228 1619 1316 1655 ipsus]
1336 1620 1397 1646 Ter.

198 1677 204 1683 -
301 1677 308 1690 ν

192 1767 206 1790 1
231 1764 268 1791 ad
290 1772 314 1791 v.
335 1766 369 1790 56
394 1762 500 1798 Stares]
525 1762 549 1789 si
575 1762 694 1789 ‘staret’
726 1761 882 1788 ‘maneres’
913 1761 1038 1795 sequitur
1062 1783 1067 1788 .
1089 1783 1094 1788 .
1115 1783 1120 1788 .
1145 1761 1324 1796 apostropha.
1346 1761 1374 1787 P
1390 1761 1399 1796 ΙΙ

346 1808 357 1827 r

121 1844 216 1861 arms
236 1834 261 1861 si
280 1835 354 1862 stare
373 1835 402 1861 et
416 1834 441 1860 L
461 1834 490 1866 (S
506 1834 594 1860 altera
607 1836 631 1860 et
651 1834 679 1859 et
693 1833 727 1859 ab
743 1833 801 1859 alia
815 1841 900 1859 manu
918 1833 949 1859 in
964 1841 1072 1859 rasura.
1096 1831 1110 1858 Γ
1121 1840 1253 1865 superscr.
1268 1833 1287 1866 l)
1301 1833 1311 1865 ΙΙ
1324 1832 1398 1865 lege-

119 1870 158 1897 ris
177 1878 227 1897 om.
249 1869 273 1896 0
292 1871 301 1904 ΙΙ
324 1873 340 1896 3
360 1871 397 1896 ad
415 1878 439 1896 v.
460 1872 492 1895 57
513 1869 611 1895 Manus
630 1868 799 1903 reuinctum]
819 1869 851 1894 ut
871 1868 978 1895 ‘oculos
997 1867 1120 1894 suffusa’.
1141 1867 1169 1893 P
1187 1868 1196 1901 ss
1220 1867 1331 1893 occulos
1352 1867 1376 1894 C'
1390 1867 1399 1901 ΙΙ

121 1909 140 1932 θ
156 1905 314 1932 cerimoniis
334 1906 357 1932 C
369 1907 378 1939 ss
398 1908 412 1932 7
432 1904 587 1931 imfluuium
607 1904 631 1930 0
642 1905 651 1938 ΙΙ
670 1907 685 1930 9
706 1904 780 1937 quod
797 1904 856 1930 secl.
877 1903 913 1930 F.
929 1903 1078 1930 Schoellius
1096 1904 1100 1936 Ι
1121 1906 1153 1929 10
1172 1902 1245 1937 uiro]
1265 1910 1331 1929 uero
1352 1902 1375 1928 Ο
1392 1903 1398 1933 ἢ

122 1943 154 1967 15
174 1941 199 1968 si
215 1940 238 1967 Ο
254 1941 302 1968 sed
321 1943 498 1967 enotaverunt
517 1940 664 1973 Scioppius
682 1942 706 1965 et
724 1939 860 1973 Berykius
873 1940 883 1972 ΙΙ
896 1939 1050 1965 referentur
1092 1938 1249 1964 ommelinus
1263 1938 1373 1971 primus
1390 1938 1399 1972 ,A

122 1979 154 2003 18
179 1977 216 2003 acl
234 1985 258 2003 υ.
278 1979 312 2003 58
337 1975 510 2010 Trahebant]
538 1975 621 2001 modo
645 1975 680 2001 ad
704 1974 865 2001 ducentium
889 1974 1057 2000 desiderium
1083 1973 1217 2007 pertinet,
1245 1982 1301 2000 non
1325 1973 1399 2007 quod

120 2012 250 2038 renititur
268 2012 409 2046 (sentitur)
429 2011 528 2044 Sinon,
552 2018 672 2044 namque
696 2009 866 2036 contrarium
890 2011 964 2036 esset
989 2009 1052 2042 ‘qui
1071 2017 1099 2035 se
1118 2008 1245 2042 ignotum
1263 2008 1399 2035 uenienti-

120 2047 172 2074 bus
190 2047 284 2074 ultro’.
307 2047 335 2073 P
353 2049 362 2082 11
385 2047 560 2082 dueesssbant
585 2045 608 2072 C'
627 2046 636 2079 ΙΙ
665 2048 697 2072 19
722 2045 830 2071 medios
855 2044 889 2071 0.-
914 2045 1037 2071 medium
1056 2044 1120 2070 LH
1124 2044 1195 2070 ME
1215 2046 1225 2078 ΙΙ
1252 2045 1281 2070 et
1302 2044 1398 2078 modo]

974 2095 988 2107 V

122 2117 205 2145 modo
228 2126 295 2152 ergo
316 2118 340 2145 G
355 2119 364 2151 {l
384 2121 419 2144 20
438 2117 588 2143 ducentum
609 2116 777 2143 desiderium
797 2115 820 2142 C
836 2117 845 2149 ΙΙ
866 2114 1013 2142 ducentem
1030 2115 1064 2141 H
1073 2116 1083 2149 fl
1097 2115 1125 2141 et
1144 2114 1254 2141 Sinonis
1273 2117 1297 2141 et
1317 2114 1399 2141 simu-

123 2152 256 2181 lationem
275 2161 324 2180 om.
343 2154 433 2187 01121
451 2152 621 2180 contrarium
637 2151 684 2178 0²:
704 2152 847 2178 contraum
869 2150 892 2177 C
907 2152 916 2185 Η
934 2153 968 2177 22
984 2160 1043 2180 Qv1s
1060 2161 1088 2177 sn
1105 2171 1110 2176 .
1127 2172 1132 2177 .
1149 2171 1155 2177 .
1171 2150 1268 2183 legunt
1286 2159 1336 2177 om.
1352 2150 1375 2176 C
1398 2151 1399 2154 ’

123 2188 223 2222 quibus
246 2197 274 2215 se
298 2197 347 2216 om.
368 2189 399 2215 11
416 2197 424 2223 ῃ
443 2192 477 2214 23
497 2189 534 2215 ad
552 2196 576 2214 v.
597 2190 630 2214 60
653 2187 713 2214 Hoc
732 2187 834 2221 ipsum]
858 2186 904 2213 uel
927 2188 959 2213 ut
981 2186 1127 2220 caperetur
1146 2186 1192 2211 uel
1216 2185 1282 2219 quia.
1301 2185 1399 2211 Graeci

124 2223 300 2251 simulabant.
340 2224 461 2258 ‘ipsum’
488 2225 582 2250 autem
606 2231 657 2256 per
679 2232 720 2254 m,
748 2230 803 2248 non
826 2230 876 2256 per
900 2221 930 2255 d,
959 2221 1025 2255 quia
1049 2222 1142 2255 (quae)
1168 2223 1331 2254 usurpatum
1359 2222 1400 2246 est

126 2258 216 2292 ‘ipse’
237 2260 266 2286 et
285 2260 328 2286 est
345 2260 472 2286 naturale
493 2258 601 2292 ‘ipsus'
623 2258 728 2292 (ipsius)
749 2266 764 2284 *
784 2257 853 2283 mihi
870 2257 964 2284 Dauus
983 2277 989 2283 .
1007 2278 1011 2283 .
1028 2277 1034 2283 .
1054 2257 1175 2283 doctum.
1214 2256 1251 2282 Ut
1269 2255 1399 2289 strueret]

125 2293 266 2321 incoatum
290 2303 308 2321 a
326 2295 440 2322 Graecis
459 2295 615 2329 perficeret,
642 2294 694 2320 hoe
714 2293 757 2319 est
776 2293 953 2320 confirmaret
975 2292 1117 2326 praeiacta
1140 2291 1267 2318 dolorum
1286 2290 1399 2316 semine..

127 2329 155 2354 P
171 2330 181 2363 u
197 2339 247 2356 noc
267 2339 345 2357 wsvu
363 2331 425 2364 per]
445 2330 538 2364 ipsum
557 2330 650 2356 autem
669 2336 719 2362 per
738 2328 762 2354 C
777 2328 787 2362 11
808 2331 842 2354 24
860 2336 911 2362 per
928 2327 968 2362 m]
989 2327 1098 2362 generis
1117 2326 1264 2353 masculini
1282 2326 1401 2352 enotavit

126 2364 273 2398 Scioppius
290 2366 300 2399 ΙΙ
318 2367 379 2400 ipse
399 2365 433 2392 0.-
456 2366 548 2400 ipsum
567 2364 631 2391 LH
655 2363 736 2398 ipsud
757 2364 794 2390 M
797 2363 841 2390 El
858 2364 868 2398 ss
888 2363 1024 2390 naturalis
1044 2363 1066 2389 Ο

179 2413 252 2433 Servii
265 2419 345 2434 comm.
361 2415 411 2434 v01.
426 2415 444 2434 1.
460 2415 526 2435 Fuso.
540 2414 559 2433 1.
1156 2409 1187 2432 15
