1722 2670
542 126 656 154 COMM.
676 128 713 154 IN
735 127 842 155 VERG.
862 128 945 156 AEN.
965 128 1012 155 III.
1034 132 1146 156 15—20.
1413 129 1477 161 339

198 209 273 241 inde
302 209 423 241 auxilia
452 209 491 241 ad
519 209 652 241 Troiam
680 209 820 241 venisse:
854 220 932 251 ergo
967 211 1033 241 iam
1065 210 1180 242 fuerat.
1227 211 1417 253 Euphorion
1447 213 1479 242 et

198 261 418 295 Callimachus
447 263 510 294 hoc
532 262 644 294 dicunt
668 263 780 304 etiam,
811 263 895 304 quod
918 263 1046 294 Aenum
1059 247 1194 295 llicatur
1219 276 1237 295 a
1261 265 1347 297 socio
1371 264 1478 296 Ulixis

198 315 267 347 illic
291 316 419 357 sepulto
444 327 481 348 eo
504 317 660 358 tempore,
684 328 747 358 quo
771 317 888 348 missus
913 319 963 348 est
987 317 1027 348 ad
1051 317 1215 348 frumenta
1237 318 1407 358 portanda.

197 377 298 401 FArls
322 378 454 408 1N1Qv1s
479 370 560 400 bene
584 369 660 411 quid
685 370 729 401 sit
751 369 897 401 futurum
922 372 1144 411 praeoccupat.

170 423 174 425 ’
289 423 338 454 18.
371 431 556 454 AENEADAS
577 433 649 454 ecce
667 434 727 454 nec
741 423 906 465 Vergilius
922 423 1049 455 Aenum
1065 423 1151 454 dicit.
1176 422 1362 455 ‘Aeneadas'
1377 427 1479 456 autem

196 476 246 507 hic
267 477 433 508 secundum
455 477 663 508 accusativum
686 487 795 508 nomen
818 477 1005 516 formaium;
1030 477 1120 508 aliter
1139 478 1227 508 iuxta
1245 478 1479 509 nominativum.

291 529 339 561 19.
377 538 485 562 SAoRA
509 538 690 562 DIONAEAE
715 539 826 562 MArm
850 530 979 570 Veneri,
1004 542 1023 561 a
1046 532 1150 562 matre
1173 530 1282 562 Diona
1306 531 1480 563 seeundum

198 582 387 615 Homerum.
429 585 461 615 et
484 583 565 615 bene
590 584 767 625 dispensat,
790 586 826 615 ut
850 595 922 616 cum
946 584 1113 616 adversam
1136 584 1381 626 navigationem
1406 585 1480 616 sub-

199 636 316 678 iungit,
338 636 518 668 Dionaeam
534 636 694 668 Venerem
713 637 809 678 dicat,
829 639 865 669 ut
884 637 946 669 hoc
964 637 1050 678 loco;
1076 637 1103 668 si
1122 648 1321 679 prosperam,
1341 638 1378 669 de
1398 639 1480 670 mari

200 700 271 722 eam
295 690 382 722 dicat
406 701 476 722 esse
499 692 711 731 procreatam,
734 692 770 722 ut
794 690 844 731 <V
871 691 957 731 801>
981 691 1077 722 unde
1102 701 1221 732 genus
1246 691 1362 723 ducis.
1400 692 1480 723 haec

201 745 310 775 autem
333 744 367 775 in
392 745 547 786 quantum
571 745 690 785 potest,
712 755 778 775 non
802 755 938 786 semper,
962 747 1115 775 reservat.

286 797 339 829 20.
375 805 580 829 Avsmomvs
605 805 820 829 conpronvm
845 806 987 829 ornssvm
1011 797 1096 839 Iovi,
1125 798 1179 839 qui
1208 798 1290 829 arcis
1315 798 1393 829 deus
1418 800 1480 840 est3

199 850 348 892 Apollini
375 852 509 892 propter
537 851 686 892 auguria3
715 850 831 882 Libero
861 861 958 883 causa
981 851 1155 882 libertatis.
1201 862 1277 882 nam
1302 851 1346 882 dii
1371 852 1429 883 alii
1453 852 1481 883 si

198 903 388 936 invocentur
413 904 453 936 ad
477 905 639 945 privatam
658 905 822 945 pertinent
846 916 990 936 causam:
1019 905 1101 935 unde
1127 904 1164 935 de
1188 903 1316 936 Didone
1340 905 1480 946 legimus

200 956 270 998 <IV
302 957 366 998 59>
416 957 558 993 Iunoni
601 959 689 989 ante
732 969 876 999 omnes,
919 959 979 989 cui
1016 958 1145 990 vincla
1182 958 1330 999 iugalia
1368 969 1481 989 curae

197 1013 330 1052 propter
349 1011 495 1052 nuptias:
516 1011 664 1052 quamvis
685 1011 771 1042 enim
792 1011 839 1057 rei
857 1011 1005 1052 publicae
1024 1011 1151 1043 utilitas
1173 1011 1391 1052 simularetur,
1412 1014 1481 1043 erat

1501 697 1535 720 10

1503 964 1534 987 15

198 1065 309 1096 tamen
333 1063 431 1095 etiam
457 1063 607 1104 specialis
633 1075 728 1095 causa
748 1063 894 1095 Didonis.
932 1064 1083 1095 similiter
1108 1066 1140 1096 et
1163 1064 1216 1096 hic
1236 1064 1363 1096 Aeneas
1384 1065 1480 1096 sacri·
1520 1091 1522 1093 .

190 1117 272 1148 'ficat
295 1116 425 1149 Veneri.
472 1117 556 1158 quod
585 1119 695 1148 autem
724 1117 762 1149 de
785 1117 904 1149 Libero
933 1117 1087 1155 diximus,
1114 1117 1194 1149 haec
1226 1129 1323 1149 causa
1352 1119 1414 1159 est,
1444 1121 1481 1150 ut

199 1170 328 1212 signum
359 1171 403 1202 sit
432 1170 554 1202 liberae
585 1170 741 1202 civitatis:
773 1182 849 1202 nam
882 1171 968 1212 apud
996 1170 1135 1202 maiores
1165 1172 1222 1202 aut
1251 1171 1481 1212 stipendiariae

199 1225 306 1263 erant,
336 1226 392 1255 aut
415 1224 613 1265 foederatae,
642 1227 698 1255 aut
722 1224 855 1256 liberae.
901 1225 956 1255 sed
980 1225 1015 1255 in
1037 1224 1149 1255 liberis
1174 1224 1361 1256 civitatibus
1386 1226 1482 1256 simu-

197 1277 320 1308 lacrum
344 1277 497 1318 Marsyae
521 1280 605 1319 erat,
635 1278 691 1319 qui
714 1278 749 1309 in
771 1278 874 1309 tutela
898 1277 1008 1309 Liberi
1031 1278 1135 1319 patris
1161 1279 1219 1309 est.
1268 1279 1320 1310 sed
1342 1280 1481 1319 auspicia

198 1331 336 1362 omnium
363 1341 467 1362 rerum
494 1334 579 1370 sunt,
608 1332 744 1372 auyuria
771 1334 940 1369 certarum;
973 1331 1132 1371 auspicari
1161 1331 1243 1362 enim
1270 1332 1366 1363 cuivis
1389 1333 1481 1363 etiam

192 1383 317 1424 peregre
347 1384 426 1426 licet,
454 1385 622 1425 auyurium
650 1395 738 1425 ayere
765 1385 828 1416 nisi
855 1385 890 1416 in
911 1386 1029 1425 patriis
1051 1384 1171 1416 sedibus
1198 1395 1260 1416 non
1284 1385 1358 1416 licet.
1398 1386 1481 1426 peri-

199 1437 315 1469 tissime
337 1448 405 1478 eryo
426 1438 578 1478 Vergilius
600 1438 708 1469 veteris
730 1439 957 1469 consuetudinis
980 1438 1121 1469 meminit
1142 1448 1212 1469 cum
1233 1438 1312 1477 facit
1333 1438 1480 1480 Aeneam,

199 1491 275 1531 quia
295 1502 433 1532 pereyre,
463 1492 498 1523 id
519 1494 563 1523 est
584 1492 619 1523 in
644 1491 783 1523 Thracia
805 1492 882 1532 ayit,
910 1492 1133 1532 auspicantem,
1163 1492 1198 1523 id
1225 1494 1268 1523 est
1290 1491 1481 1532 ‘auspicibus

199 1547 370 1584 coeptorum
393 1544 538 1585 operum'.

271 1644 285 1667 7
307 1641 458 1668 secundum
476 1641 641 1676 Homerum]
662 1641 693 1669 11.
714 1642 739 1668 V
759 1645 810 1668 370
834 1642 843 1675 11
868 1643 900 1668 18
921 1642 996 1676 quod
1016 1643 1109 1668 autem
1129 1663 1134 1669 .
1158 1663 1163 1668 .
1184 1663 1189 1668 .
1210 1642 1298 1676 patris
1319 1642 1372 1677 est]
1394 1651 1479 1670 exscr.

202 1677 342 1711 mythogr.
362 1677 400 1703 ΙΙΙ
421 1678 462 1710 12,
484 1681 496 1703 1

276 1761 289 1783 1
311 1757 415 1783 auxilia
433 1757 497 1783 inde
517 1757 594 1784 dicat
614 1758 650 1784 M
672 1759 681 1791 11
705 1762 720 1784 2
740 1758 902 1784 callimacus
921 1757 986 1783 LH
1011 1757 1212 1784 challimachus
1234 1758 1271 1784 M
1287 1759 1296 1791 11
1324 1758 1409 1784 etiam
1428 1759 1482 1785 hoc

206 1793 303 1819 dicunt
323 1793 360 1819 M
376 1794 385 1826 11
405 1795 420 1819 5
439 1793 502 1828 nec]
523 1802 595 1819 nunc
615 1793 644 1819 F
656 1794 666 1827 11
684 1797 699 1819 6
719 1794 911 1820 accusativum
929 1793 1046 1819 Daniel:
1065 1793 1241 1819 accusatiuus
1261 1793 1291 1819 F
1302 1795 1312 1827 11
1329 1794 1481 1820 forinatum

205 1828 235 1854 F
262 1828 419 1855 derivatum
437 1829 542 1855 Daniel
555 1829 565 1862 11
580 1832 593 1855 7
614 1839 713 1855 mon-a
733 1829 763 1854 F
788 1839 904 1855 Dionen:
923 1829 949 1855 L
976 1839 1090 1855 mosum
1110 1829 1143 1854 H
1167 1837 1290 1855 prosam:
1307 1830 1365 1863 Mfl
1379 1830 1481 1856 Veneri

204 1864 233 1899 a]
252 1873 326 1890 uena
345 1864 375 1890 F
390 1865 400 1898 11
420 1864 503 1890 diana
522 1865 552 1890 Η
580 1865 672 1898 dyona
692 1865 750 1897 ΜΗ
769 1865 920 1891 secundum
940 1885 945 1890 .
967 1886 972 1891 .
993 1885 998 1890 .
1019 1865 1143 1890 reservat
1162 1873 1211 1890 om.
1231 1865 1260 1890 F
1273 1866 1281 1897 11
1302 1867 1317 1890 8
1338 1873 1400 1891 cum
1422 1887 1427 1892 .
1449 1886 1454 1891 .
1474 1886 1480 1891 .

201 1899 356 1934 subiungit]
373 1899 397 1925 si
412 1901 564 1933 sequantur
579 1901 696 1926 aduersa
711 1901 754 1925 El
768 1902 776 1933 11
791 1900 935 1933 subiungit
948 1899 1159 1934 naugatioucm
1176 1900 1213 1926 M
1225 1901 1234 1933 11
1249 1904 1263 1926 9
1281 1901 1409 1927 dioncam
1420 1901 1486 1927 LH

201 1935 338 1969 dyoneam
355 1935 390 1961 M
404 1936 413 1969 11
427 1935 504 1961 dicat
522 1944 571 1961 om.
585 1936 621 1961 M
628 1935 657 1961 E
670 1936 680 1969 11
693 1935 767 1970 loco]
789 1936 858 1961 dicit
877 1936 940 1962 aad.
953 1936 1024 1961 ME
1037 1937 1045 1968 11
1060 1935 1095 1970 si]
1117 1944 1179 1961 cum
1191 1936 1225 1961 M
1240 1936 1249 1969 11
1264 1936 1287 1961 si
1306 1936 1479 1971 prosperam]

200 1971 223 1996 si
242 1979 375 2004 prospera
394 1970 448 1997 erit
466 1971 612 2005 nauigatio
631 1971 661 1997 E
673 1972 683 2005 11
704 1975 736 1998 10
755 1971 832 1998 dicat
852 1979 913 1997 eam
934 1971 969 1997 M
983 1971 992 2005 11
1011 1970 1089 1997 ducit
1106 1971 1132 1996 L
1160 1971 1229 1997 dicis
1249 1972 1282 1997 H
1292 1972 1302 2005 11
1323 1975 1353 1997 11
1374 1972 1480 2007 potest]

200 2006 276 2048 pot‘f.r
287 2015 317 2041 H
330 2016 340 2049 11
354 2023 408 2041 non
427 2024 537 2049 semper
557 2015 726 2041 Masvicius:
745 2024 795 2041 nos
815 2024 924 2049 semper
943 2015 976 2041 H
997 2015 1139 2041 Leidensis
1158 2018 1182 2041 ct
1200 2015 1304 2050 Reyius
1321 2016 1483 2042 Burmanni

202 2068 284 2101 (inter
305 2063 376 2102 potr.
403 2071 427 2095 et
453 2077 503 2095 nos
527 2069 611 2095 trium
636 2069 789 2095 litterarum
811 2069 932 2102 spatium
956 2069 987 2095 in
1005 2069 1062 2103 H),
1088 2077 1144 2095 non
1163 2077 1213 2095 om.
1233 2069 1272 2102 L,
1298 2078 1354 2096 non
1374 2078 1482 2103 semper

202 2112 252 2129 om.
267 2103 346 2136 ME,
365 2104 528 2138 Stephanus,
549 2105 652 2130 Daniel
671 2104 720 2131 sed
738 2113 793 2131 non
814 2113 922 2138 semper
937 2104 1096 2136 Fabricius,
1114 2106 1228 2137 fortasse
1243 2107 1318 2132 recte.
1334 2106 1343 2138 11
1359 2108 1390 2131 12
1406 2115 1481 2131 coru>-

203 2148 292 2165 rrorzvrr
311 2149 414 2166 oesnvrr
433 2148 482 2166 om.
503 2140 533 2165 F
544 2140 554 2174 11
573 2139 620 2173 qui
639 2139 721 2174 arcis]
742 2141 848 2173 quartis
867 2140 896 2166 F
915 2141 924 2173 11
949 2143 981 2166 13
1000 2140 1126 2175 propter]
1146 2141 1288 2174 pertinent
1307 2141 1336 2166 Η
1355 2141 1364 2175 11
1386 2141 1481 2175 causa]

205 2174 284 2207 quasi
304 2183 386 2201 causa
407 2176 561 2202 Masvicius
579 2176 589 2209 11
607 2184 672 2201 nam
691 2175 731 2201 dii
750 2175 799 2201 alii
820 2196 825 2201 .
846 2196 852 2201 .
873 2198 878 2202 .
899 2176 967 2202 haec
987 2184 1071 2202 causa
1090 2180 1133 2202 est
1151 2184 1200 2202 om.
1222 2175 1252 2201 F
1273 2177 1282 2209 11
1308 2179 1340 2202 14
1359 2176 1482 2210 pertinet

204 2210 262 2243 ΜΙΙ
293 2210 377 2244 unde]
397 2212 429 2237 ut
444 2211 514 2237 ME
527 2213 536 2244 11
553 2213 583 2237 18
599 2211 713 2245 Veneri]
735 2211 842 2237 scilicet
861 2212 893 2237 ut
910 2212 1023 2245 placeat
1040 2211 1124 2237 matri
1144 2212 1206 2237 add.
1223 2212 1252 2237 1)
1265 2212 1275 2245 11
1289 2215 1322 2238 20
1339 2211 1481 2237 sederatae

203 2245 306 2271 L11M
320 2246 330 2279 11
345 2246 460 2281 liberae]
487 2246 573 2273 libere
593 2246 717 2273 ciuitatis
737 2247 767 2272 F
779 2247 788 2280 11
802 2247 851 2272 sed
872 2268 877 2273 .
899 2267 904 2272 .
925 2267 931 2273 .
951 2247 1024 2281 erat]
1045 2247 1073 2273 in
1092 2247 1187 2273 liberis
1206 2248 1300 2273 autem
1321 2246 1482 2273 ciuitatibus

204 2281 233 2307 in
251 2280 361 2315 signum
380 2281 520 2308 libertatis
539 2282 717 2309 simulacrum
736 2282 865 2316 Marsyae
885 2283 946 2308 erat
963 2283 1091 2317 mythoyr.
1107 2283 1117 2317 11
1136 2286 1169 2308 21
1189 2282 1317 2316 Marsyae
1337 2282 1378 2308 F:
1397 2282 1482 2308 marsi

203 2316 270 2342 LH
286 2318 335 2342 aut
352 2317 437 2343 marsi
455 2319 506 2344 aut
523 2318 639 2344 marsiae
661 2317 731 2343 ME
743 2318 752 2351 11
767 2317 891 2352 auspicia
910 2339 916 2345 .
932 2339 937 2344 .
955 2339 960 2345 .
980 2326 1036 2344 non
1054 2318 1120 2344 licet
1138 2319 1199 2344 hab.
1220 2319 1315 2344 Ambr.
1332 2318 1482 2351 praemisso

204 2352 324 2378 lemmate
343 2352 477 2386 Diuisquc
496 2353 621 2380 ferebam
640 2353 799 2387 auspicibus
813 2354 822 2387 11
837 2357 870 2379 20
891 2362 1005 2387 operum
1025 2361 1075 2380 om.
1095 2354 1125 2379 F

1215 2398 1269 2423 22*

1501 1232 1534 1254 20
