<?xml version="1.0" encoding="UTF-8"?>
<!DOCTYPE html PUBLIC "-//W3C//DTD XHTML 1.0 Transitional//EN"
    "http://www.w3.org/TR/xhtml1/DTD/xhtml1-transitional.dtd">
<html xmlns="http://www.w3.org/1999/xhtml" xml:lang="en" lang="en">
 <head>
  <title>
</title>
<meta http-equiv="Content-Type" content="text/html;charset=utf-8" />
  <meta name='ocr-system' content='tesseract 3.04.00' />
  <meta name='ocr-capabilities' content='ocr_page ocr_carea ocr_par ocr_line ocrx_word'/>
</head>
<body>
  <div class='ocr_page' id='page_1' title='image "./invergiliicarmin00servuoft/invergiliicarmin00servuoft_0117.png"; bbox 0 0 1630 2684; ppageno 0'>
   <div class='ocr_carea' id='block_1_1' title="bbox 0 0 143 77">
    <p class='ocr_par' dir='ltr' id='par_1_1' title="bbox 0 0 143 89">
     <span class='ocr_line' id='line_1_1' title="bbox 0 0 143 77; baseline 0 -74"><span class='ocrx_word' id='word_1_1' title='bbox 0 0 90 77; x_wconf 46' lang='lat' dir='ltr'><strong>F„</strong></span> <span class='ocrx_word' id='word_1_2' title='bbox 139 0 143 3; x_wconf 78' lang='grc'>,</span> 
     </span>
    </p>
   </div>
   <div class='ocr_carea' id='block_1_2' title="bbox 405 131 1351 187">
    <p class='ocr_par' dir='ltr' id='par_1_2' title="bbox 405 131 1351 187">
     <span class='ocr_line' id='line_1_2' title="bbox 405 131 1351 187; baseline 0.004 -7"><span class='ocrx_word' id='word_1_3' title='bbox 405 131 578 181; x_wconf 67' lang='lat' dir='ltr'><strong>oomnis</strong></span> <span class='ocrx_word' id='word_1_4' title='bbox 597 153 704 182; x_wconf 81' lang='lat' dir='ltr'>VERG.</span> <span class='ocrx_word' id='word_1_5' title='bbox 724 154 808 181; x_wconf 79' lang='lat' dir='ltr'><strong>AEN.</strong></span> <span class='ocrx_word' id='word_1_6' title='bbox 829 154 848 182; x_wconf 92' lang='lat'><strong>1.</strong></span> <span class='ocrx_word' id='word_1_7' title='bbox 869 157 1018 183; x_wconf 79' lang='lat'><strong>280—28&#39;1.</strong></span> <span class='ocrx_word' id='word_1_8' title='bbox 1289 156 1351 187; x_wconf 84' lang='lat'><strong>105</strong></span> 
     </span>
    </p>
   </div>
   <div class='ocr_carea' id='block_1_3' title="bbox 62 235 1352 1724">
    <p class='ocr_par' dir='ltr' id='par_1_3' title="bbox 71 235 1352 278">
     <span class='ocr_line' id='line_1_3' title="bbox 71 235 1352 278; baseline 0.001 -9"><span class='ocrx_word' id='word_1_9' title='bbox 71 239 183 270; x_wconf 89' lang='lat' dir='ltr'><strong>auctor</strong></span> <span class='ocrx_word' id='word_1_10' title='bbox 213 236 352 268; x_wconf 78' lang='lat' dir='ltr'><strong>Romani</strong></span> <span class='ocrx_word' id='word_1_11' title='bbox 382 235 524 277; x_wconf 87' lang='lat' dir='ltr'><strong>generis:</strong></span> <span class='ocrx_word' id='word_1_12' title='bbox 556 246 594 267; x_wconf 82' lang='lat' dir='ltr'><strong>ex</strong></span> <span class='ocrx_word' id='word_1_13' title='bbox 625 235 741 277; x_wconf 91' lang='lat' dir='ltr'><strong>quibus</strong></span> <span class='ocrx_word' id='word_1_14' title='bbox 772 235 963 278; x_wconf 83' lang='lat' dir='ltr'>Mummius,</span> <span class='ocrx_word' id='word_1_15' title='bbox 994 237 1049 278; x_wconf 89' lang='lat' dir='ltr'><strong>qui</strong></span> <span class='ocrx_word' id='word_1_16' title='bbox 1078 237 1236 269; x_wconf 83' lang='lat' dir='ltr'><strong>Achaiam</strong></span> <span class='ocrx_word' id='word_1_17' title='bbox 1265 238 1352 270; x_wconf 89' lang='lat' dir='ltr'><strong>vicit.</strong></span> 
     </span>
    </p>

    <p class='ocr_par' dir='ltr' id='par_1_4' title="bbox 69 288 1351 385">
     <span class='ocr_line' id='line_1_4' title="bbox 159 288 1351 333; baseline 0.001 -11"><span class='ocrx_word' id='word_1_18' title='bbox 159 298 295 322; x_wconf 78' lang='lat' dir='ltr'><strong>PTHIAM</strong></span> <span class='ocrx_word' id='word_1_19' title='bbox 318 288 456 321; x_wconf 85' lang='lat' dir='ltr'><strong>Achillis</strong></span> <span class='ocrx_word' id='word_1_20' title='bbox 485 289 635 330; x_wconf 86' lang='lat' dir='ltr'><strong>patriam.</strong></span> <span class='ocrx_word' id='word_1_21' title='bbox 726 297 888 321; x_wconf 82' lang='lat' dir='ltr'><strong>MYCENAS</strong></span> <span class='ocrx_word' id='word_1_22' title='bbox 920 289 1174 331; x_wconf 85' lang='lat' dir='ltr'>Agamemnonis</span> <span class='ocrx_word' id='word_1_23' title='bbox 1202 292 1351 333; x_wconf 85' lang='lat' dir='ltr'><strong>patriam,</strong></span> 
     </span>
     <span class='ocr_line' id='line_1_5' title="bbox 69 343 744 385; baseline -0.003 -9"><span class='ocrx_word' id='word_1_24' title='bbox 69 345 107 376; x_wconf 84' lang='lat' dir='ltr'><strong>ut</strong></span> <span class='ocrx_word' id='word_1_25' title='bbox 130 343 533 385; x_wconf 82' lang='lat' dir='ltr'><strong>Agamemnoniasque</strong></span> <span class='ocrx_word' id='word_1_26' title='bbox 557 343 744 384; x_wconf 83' lang='lat' dir='ltr'>Mycenas.</span> 
     </span>
    </p>

    <p class='ocr_par' dir='ltr' id='par_1_5' title="bbox 62 396 1352 1349">
     <span class='ocr_line' id='line_1_6' title="bbox 158 396 1351 438; baseline 0.001 -8"><span class='ocrx_word' id='word_1_27' title='bbox 158 397 245 430; x_wconf 65' lang='lat'><strong>286:</strong></span> <span class='ocrx_word' id='word_1_28' title='bbox 270 404 452 428; x_wconf 76' lang='lat' dir='ltr'><strong>NASCETVR</strong></span> <span class='ocrx_word' id='word_1_29' title='bbox 476 396 515 428; x_wconf 86' lang='lat' dir='ltr'><strong>ad</strong></span> <span class='ocrx_word' id='word_1_30' title='bbox 539 396 620 428; x_wconf 88' lang='lat' dir='ltr'><strong>illud</strong></span> <span class='ocrx_word' id='word_1_31' title='bbox 643 397 816 438; x_wconf 77' lang='lat' dir='ltr'>respondet</span> <span class='ocrx_word' id='word_1_32' title='bbox 841 396 942 429; x_wconf 67' lang='lat' dir='ltr'><strong>‘certe</strong></span> <span class='ocrx_word' id='word_1_33' title='bbox 965 397 1041 429; x_wconf 88' lang='lat' dir='ltr'><strong>hinc</strong></span> <span class='ocrx_word' id='word_1_34' title='bbox 1060 397 1223 430; x_wconf 85' lang='lat' dir='ltr'><strong>Romanos</strong></span> <span class='ocrx_word' id='word_1_35' title='bbox 1248 399 1325 431; x_wconf 87' lang='lat' dir='ltr'><strong>olim</strong></span> <span class='ocrx_word' id='word_1_36' title='bbox 1334 399 1351 431; x_wconf 93' lang='lat'><strong>’.</strong></span> 
     </span>
     <span class='ocr_line' id='line_1_7' title="bbox 69 450 1351 492; baseline 0 -8"><span class='ocrx_word' id='word_1_37' title='bbox 69 453 103 484; x_wconf 85' lang='lat' dir='ltr'><strong>et</strong></span> <span class='ocrx_word' id='word_1_38' title='bbox 126 451 231 484; x_wconf 88' lang='lat' dir='ltr'><strong>omnis</strong></span> <span class='ocrx_word' id='word_1_39' title='bbox 254 452 370 492; x_wconf 81' lang='lat' dir='ltr'><strong>poetae</strong></span> <span class='ocrx_word' id='word_1_40' title='bbox 393 450 548 491; x_wconf 71' lang='lat' dir='ltr'><strong>intentio,</strong></span> <span class='ocrx_word' id='word_1_41' title='bbox 571 452 608 481; x_wconf 90' lang='lat' dir='ltr'><strong>ut</strong></span> <span class='ocrx_word' id='word_1_42' title='bbox 631 450 666 482; x_wconf 89' lang='lat' dir='ltr'><strong>in</strong></span> <span class='ocrx_word' id='word_1_43' title='bbox 689 450 847 491; x_wconf 76' lang='lat' dir='ltr'>qualitate</span> <span class='ocrx_word' id='word_1_44' title='bbox 869 451 1022 482; x_wconf 83' lang='lat' dir='ltr'>carminis</span> <span class='ocrx_word' id='word_1_45' title='bbox 1042 451 1195 492; x_wconf 81' lang='lat' dir='ltr'><strong>diximus,</strong></span> <span class='ocrx_word' id='word_1_46' title='bbox 1220 452 1259 483; x_wconf 88' lang='lat' dir='ltr'><strong>ad</strong></span> <span class='ocrx_word' id='word_1_47' title='bbox 1284 453 1351 484; x_wconf 88' lang='lat' dir='ltr'><strong>lau-</strong></span> 
     </span>
     <span class='ocr_line' id='line_1_8' title="bbox 70 503 1351 546; baseline 0.001 -10"><span class='ocrx_word' id='word_1_48' title='bbox 70 504 143 537; x_wconf 86' lang='lat' dir='ltr'><strong>dem</strong></span> <span class='ocrx_word' id='word_1_49' title='bbox 165 503 270 536; x_wconf 85' lang='lat' dir='ltr'><strong>tendit</strong></span> <span class='ocrx_word' id='word_1_50' title='bbox 293 503 448 545; x_wconf 77' lang='lat' dir='ltr'><strong>Augusti,</strong></span> <span class='ocrx_word' id='word_1_51' title='bbox 473 503 557 535; x_wconf 88' lang='lat' dir='ltr'><strong>sicut</strong></span> <span class='ocrx_word' id='word_1_52' title='bbox 580 505 612 535; x_wconf 88' lang='lat' dir='ltr'><strong>et</strong></span> <span class='ocrx_word' id='word_1_53' title='bbox 634 503 668 534; x_wconf 91' lang='lat' dir='ltr'><strong>in</strong></span> <span class='ocrx_word' id='word_1_54' title='bbox 697 503 779 535; x_wconf 85' lang='lat' dir='ltr'><strong>sexti</strong></span> <span class='ocrx_word' id='word_1_55' title='bbox 808 503 956 545; x_wconf 85' lang='lat' dir='ltr'><strong>catalogo</strong></span> <span class='ocrx_word' id='word_1_56' title='bbox 985 506 1018 535; x_wconf 87' lang='lat' dir='ltr'><strong>et</strong></span> <span class='ocrx_word' id='word_1_57' title='bbox 1048 504 1082 535; x_wconf 91' lang='lat' dir='ltr'><strong>in</strong></span> <span class='ocrx_word' id='word_1_58' title='bbox 1111 504 1206 546; x_wconf 82' lang='lat' dir='ltr'><strong>clipei</strong></span> <span class='ocrx_word' id='word_1_59' title='bbox 1235 506 1351 537; x_wconf 87' lang='lat' dir='ltr'><strong>descri-</strong></span> 
     </span>
     <span class='ocr_line' id='line_1_9' title="bbox 68 556 1352 600; baseline 0.001 -10"><span class='ocrx_word' id='word_1_60' title='bbox 68 558 187 600; x_wconf 86' lang='lat' dir='ltr'><strong>ptione.</strong></span> <span class='ocrx_word' id='word_1_61' title='bbox 232 557 312 589; x_wconf 85' lang='lat' dir='ltr'><strong>haec</strong></span> <span class='ocrx_word' id='word_1_62' title='bbox 345 558 455 589; x_wconf 86' lang='lat' dir='ltr'><strong>autem</strong></span> <span class='ocrx_word' id='word_1_63' title='bbox 483 556 570 588; x_wconf 88' lang='lat' dir='ltr'><strong>Iovis</strong></span> <span class='ocrx_word' id='word_1_64' title='bbox 603 557 757 589; x_wconf 73' lang='lat' dir='ltr'><strong>allocutio</strong></span> <span class='ocrx_word' id='word_1_65' title='bbox 791 558 909 598; x_wconf 86' lang='lat' dir='ltr'><strong>partim</strong></span> <span class='ocrx_word' id='word_1_66' title='bbox 939 557 1067 589; x_wconf 88' lang='lat' dir='ltr'><strong>obiecta</strong></span> <span class='ocrx_word' id='word_1_67' title='bbox 1090 561 1209 600; x_wconf 87' lang='lat' dir='ltr'><strong>purgat</strong></span> <span class='ocrx_word' id='word_1_68' title='bbox 1232 559 1352 600; x_wconf 87' lang='lat' dir='ltr'><strong>partim</strong></span> 
     </span>
     <span class='ocr_line' id='line_1_10' title="bbox 69 611 1351 653; baseline 0.001 -10"><span class='ocrx_word' id='word_1_69' title='bbox 69 611 190 653; x_wconf 86' lang='lat' dir='ltr'><strong>aliquid</strong></span> <span class='ocrx_word' id='word_1_70' title='bbox 208 611 391 652; x_wconf 76' lang='lat' dir='ltr'><strong>pollicetur.</strong></span> <span class='ocrx_word' id='word_1_71' title='bbox 464 619 627 642; x_wconf 77' lang='lat' dir='ltr'><strong>PVLCHRA</strong></span> <span class='ocrx_word' id='word_1_72' title='bbox 647 611 760 642; x_wconf 88' lang='lat' dir='ltr'><strong>allusit</strong></span> <span class='ocrx_word' id='word_1_73' title='bbox 779 613 914 652; x_wconf 87' lang='lat' dir='ltr'><strong>propter</strong></span> <span class='ocrx_word' id='word_1_74' title='bbox 931 611 1101 644; x_wconf 85' lang='lat' dir='ltr'><strong>Venerem.</strong></span> <span class='ocrx_word' id='word_1_75' title='bbox 1177 621 1351 645; x_wconf 80' lang='lat' dir='ltr'><strong>TROIANVS</strong></span> 
     </span>
     <span class='ocr_line' id='line_1_11' title="bbox 69 655 1351 708; baseline 0.001 -11"><span class='ocrx_word' id='word_1_76' title='bbox 69 674 107 697; x_wconf 81' lang='lat' dir='ltr'><strong>ao</strong></span> <span class='ocrx_word' id='word_1_77' title='bbox 135 664 164 696; x_wconf 91' lang='lat' dir='ltr'><strong>si</strong></span> <span class='ocrx_word' id='word_1_78' title='bbox 192 664 325 706; x_wconf 88' lang='lat' dir='ltr'><strong>diceret,</strong></span> <span class='ocrx_word' id='word_1_79' title='bbox 354 663 597 697; x_wconf 76' lang='lat' dir='ltr'><strong>etiamCaesar</strong></span> <span class='ocrx_word' id='word_1_80' title='bbox 626 664 786 696; x_wconf 86' lang='lat' dir='ltr'><strong>Troianus</strong></span> <span class='ocrx_word' id='word_1_81' title='bbox 816 666 874 696; x_wconf 87' lang='lat' dir='ltr'><strong>est.</strong></span> <span class='ocrx_word' id='word_1_82' title='bbox 965 655 1098 697; x_wconf 54' lang='lat' dir='ltr'><strong>c&#39;AESAR</strong></span> <span class='ocrx_word' id='word_1_83' title='bbox 1126 665 1179 697; x_wconf 88' lang='lat' dir='ltr'><strong>hic</strong></span> <span class='ocrx_word' id='word_1_84' title='bbox 1205 668 1268 707; x_wconf 88' lang='lat' dir='ltr'><strong>est,</strong></span> <span class='ocrx_word' id='word_1_85' title='bbox 1297 667 1351 708; x_wconf 88' lang='lat' dir='ltr'><strong>qui</strong></span> 
     </span>
     <span class='ocr_line' id='line_1_12' title="bbox 69 716 1350 760; baseline 0.001 -10"><span class='ocrx_word' id='word_1_86' title='bbox 69 718 172 750; x_wconf 81' lang='lat' dir='ltr'><strong>dictus</strong></span> <span class='ocrx_word' id='word_1_87' title='bbox 203 719 254 750; x_wconf 87' lang='lat' dir='ltr'><strong>est</strong></span> <span class='ocrx_word' id='word_1_88' title='bbox 285 717 385 749; x_wconf 83' lang='lat' dir='ltr'><strong>Gaius</strong></span> <span class='ocrx_word' id='word_1_89' title='bbox 417 717 520 749; x_wconf 87' lang='lat' dir='ltr'><strong>Iulius</strong></span> <span class='ocrx_word' id='word_1_90' title='bbox 552 716 680 749; x_wconf 85' lang='lat' dir='ltr'><strong>Caesar.</strong></span> <span class='ocrx_word' id='word_1_91' title='bbox 732 717 832 749; x_wconf 87' lang='lat' dir='ltr'><strong>Gaius</strong></span> <span class='ocrx_word' id='word_1_92' title='bbox 860 729 1058 759; x_wconf 86' lang='lat' dir='ltr'><strong>praenomen</strong></span> <span class='ocrx_word' id='word_1_93' title='bbox 1087 721 1149 760; x_wconf 86' lang='lat' dir='ltr'><strong>est,</strong></span> <span class='ocrx_word' id='word_1_94' title='bbox 1179 718 1281 750; x_wconf 90' lang='lat' dir='ltr'><strong>Iulius</strong></span> <span class='ocrx_word' id='word_1_95' title='bbox 1311 720 1350 751; x_wconf 90' lang='lat' dir='ltr'><strong>ab</strong></span> 
     </span>
     <span class='ocr_line' id='line_1_13' title="bbox 67 770 1350 814; baseline 0 -10"><span class='ocrx_word' id='word_1_96' title='bbox 67 771 150 813; x_wconf 90' lang='lat' dir='ltr'><strong>Iulo,</strong></span> <span class='ocrx_word' id='word_1_97' title='bbox 174 770 293 803; x_wconf 81' lang='lat' dir='ltr'><strong>Caesar</strong></span> <span class='ocrx_word' id='word_1_98' title='bbox 316 771 368 803; x_wconf 87' lang='lat' dir='ltr'><strong>vel</strong></span> <span class='ocrx_word' id='word_1_99' title='bbox 388 771 474 812; x_wconf 88' lang='lat' dir='ltr'><strong>quod</strong></span> <span class='ocrx_word' id='word_1_100' title='bbox 498 782 591 803; x_wconf 85' lang='lat' dir='ltr'><strong>caeso</strong></span> <span class='ocrx_word' id='word_1_101' title='bbox 616 771 730 802; x_wconf 88' lang='lat' dir='ltr'><strong>matris</strong></span> <span class='ocrx_word' id='word_1_102' title='bbox 749 773 861 803; x_wconf 86' lang='lat' dir='ltr'><strong>ventre</strong></span> <span class='ocrx_word' id='word_1_103' title='bbox 884 773 980 803; x_wconf 85' lang='lat' dir='ltr'><strong>natus</strong></span> <span class='ocrx_word' id='word_1_104' title='bbox 1005 774 1063 813; x_wconf 82' lang='lat' dir='ltr'><strong>est,</strong></span> <span class='ocrx_word' id='word_1_105' title='bbox 1087 772 1138 803; x_wconf 88' lang='lat' dir='ltr'><strong>vel</strong></span> <span class='ocrx_word' id='word_1_106' title='bbox 1162 772 1247 814; x_wconf 89' lang='lat' dir='ltr'><strong>quod</strong></span> <span class='ocrx_word' id='word_1_107' title='bbox 1272 784 1350 804; x_wconf 86' lang='lat' dir='ltr'><strong>avus</strong></span> 
     </span>
     <span class='ocr_line' id='line_1_14' title="bbox 69 824 1351 866; baseline 0.002 -10"><span class='ocrx_word' id='word_1_108' title='bbox 69 824 137 857; x_wconf 89' lang='lat' dir='ltr'><strong>eius</strong></span> <span class='ocrx_word' id='word_1_109' title='bbox 160 825 195 856; x_wconf 89' lang='lat' dir='ltr'><strong>in</strong></span> <span class='ocrx_word' id='word_1_110' title='bbox 217 825 331 856; x_wconf 88' lang='lat' dir='ltr'><strong>Africa</strong></span> <span class='ocrx_word' id='word_1_111' title='bbox 358 836 455 856; x_wconf 87' lang='lat' dir='ltr'><strong>manu</strong></span> <span class='ocrx_word' id='word_1_112' title='bbox 483 825 616 866; x_wconf 85' lang='lat' dir='ltr'><strong>propria</strong></span> <span class='ocrx_word' id='word_1_113' title='bbox 644 825 762 856; x_wconf 86' lang='lat' dir='ltr'><strong>oceidit</strong></span> <span class='ocrx_word' id='word_1_114' title='bbox 790 825 1009 866; x_wconf 67' lang='lat' dir='ltr'><strong>elephantem,</strong></span> <span class='ocrx_word' id='word_1_115' title='bbox 1039 825 1094 866; x_wconf 86' lang='lat' dir='ltr'><strong>qui</strong></span> <span class='ocrx_word' id='word_1_116' title='bbox 1118 836 1210 858; x_wconf 89' lang='lat' dir='ltr'><strong>caesa</strong></span> <span class='ocrx_word' id='word_1_117' title='bbox 1233 826 1351 858; x_wconf 85' lang='lat' dir='ltr'><strong>dicitur</strong></span> 
     </span>
     <span class='ocr_line' id='line_1_15' title="bbox 69 877 1352 920; baseline 0.001 -10"><span class='ocrx_word' id='word_1_118' title='bbox 69 878 183 920; x_wconf 82' lang='lat' dir='ltr'><strong>lingua</strong></span> <span class='ocrx_word' id='word_1_119' title='bbox 205 877 397 910; x_wconf 86' lang='lat' dir='ltr'><strong>Poenorum.</strong></span> <span class='ocrx_word' id='word_1_120' title='bbox 425 877 474 910; x_wconf 78' lang='lat' dir='ltr'><strong>hic</strong></span> <span class='ocrx_word' id='word_1_121' title='bbox 496 888 570 910; x_wconf 85' lang='lat' dir='ltr'><strong>sane</strong></span> <span class='ocrx_word' id='word_1_122' title='bbox 594 877 697 910; x_wconf 80' lang='lat' dir='ltr'><strong>Gaius</strong></span> <span class='ocrx_word' id='word_1_123' title='bbox 715 878 819 910; x_wconf 75' lang='lat' dir='ltr'><strong>Iulius</strong></span> <span class='ocrx_word' id='word_1_124' title='bbox 838 878 953 910; x_wconf 77' lang='lat' dir='ltr'><strong>Caesar</strong></span> <span class='ocrx_word' id='word_1_125' title='bbox 975 881 1119 919; x_wconf 78' lang='lat' dir='ltr'><strong>quattuor</strong></span> <span class='ocrx_word' id='word_1_126' title='bbox 1142 882 1170 910; x_wconf 87' lang='lat' dir='ltr'><strong>et</strong></span> <span class='ocrx_word' id='word_1_127' title='bbox 1191 881 1352 920; x_wconf 71' lang='lat' dir='ltr'><strong>sexayinta</strong></span> 
     </span>
     <span class='ocr_line' id='line_1_16' title="bbox 67 930 1349 973; baseline 0.001 -9"><span class='ocrx_word' id='word_1_128' title='bbox 67 932 156 964; x_wconf 76' lang='lat' dir='ltr'><strong>victis</strong></span> <span class='ocrx_word' id='word_1_129' title='bbox 171 930 353 964; x_wconf 79' lang='lat' dir='ltr'><strong>Galliarum</strong></span> <span class='ocrx_word' id='word_1_130' title='bbox 371 932 545 964; x_wconf 79' lang='lat' dir='ltr'><strong>civitatibus</strong></span> <span class='ocrx_word' id='word_1_131' title='bbox 568 942 637 963; x_wconf 81' lang='lat' dir='ltr'><strong>cam</strong></span> <span class='ocrx_word' id='word_1_132' title='bbox 660 943 680 963; x_wconf 87' lang='lat' dir='ltr'><strong>a</strong></span> <span class='ocrx_word' id='word_1_133' title='bbox 702 934 812 964; x_wconf 76' lang='lat' dir='ltr'><strong>senata</strong></span> <span class='ocrx_word' id='word_1_134' title='bbox 829 933 955 973; x_wconf 76' lang='lat' dir='ltr'><strong>petisset</strong></span> <span class='ocrx_word' id='word_1_135' title='bbox 977 933 1170 964; x_wconf 79' lang='lat' dir='ltr'><strong>consulatum</strong></span> <span class='ocrx_word' id='word_1_136' title='bbox 1192 936 1221 964; x_wconf 82' lang='lat' dir='ltr'><strong>et</strong></span> <span class='ocrx_word' id='word_1_137' title='bbox 1243 934 1349 965; x_wconf 78' lang='lat' dir='ltr'><strong>triam-</strong></span> 
     </span>
     <span class='ocr_line' id='line_1_17' title="bbox 62 985 1351 1028; baseline 0.001 -11"><span class='ocrx_word' id='word_1_138' title='bbox 62 985 162 1027; x_wconf 74' lang='lat' dir='ltr'><strong>pham</strong></span> <span class='ocrx_word' id='word_1_139' title='bbox 189 995 244 1017; x_wconf 80' lang='lat' dir='ltr'><strong>nec</strong></span> <span class='ocrx_word' id='word_1_140' title='bbox 270 986 461 1026; x_wconf 76' lang='lat' dir='ltr'><strong>impetrasset</strong></span> <span class='ocrx_word' id='word_1_141' title='bbox 488 986 668 1018; x_wconf 80' lang='lat' dir='ltr'><strong>adversante</strong></span> <span class='ocrx_word' id='word_1_142' title='bbox 695 985 750 1018; x_wconf 84' lang='lat' dir='ltr'><strong>Cn.</strong></span> <span class='ocrx_word' id='word_1_143' title='bbox 775 986 920 1027; x_wconf 75' lang='lat' dir='ltr'><strong>Pompeio</strong></span> <span class='ocrx_word' id='word_1_144' title='bbox 943 997 1054 1027; x_wconf 73' lang='lat' dir='ltr'><strong>mayno</strong></span> <span class='ocrx_word' id='word_1_145' title='bbox 1084 987 1206 1027; x_wconf 78' lang='lat' dir='ltr'><strong>eiusque</strong></span> <span class='ocrx_word' id='word_1_146' title='bbox 1233 988 1351 1028; x_wconf 81' lang='lat' dir='ltr'><strong>amicis,</strong></span> 
     </span>
     <span class='ocr_line' id='line_1_18' title="bbox 66 1037 1352 1082; baseline 0.001 -11"><span class='ocrx_word' id='word_1_147' title='bbox 66 1040 121 1080; x_wconf 78' lang='lat' dir='ltr'><strong>qui</strong></span> <span class='ocrx_word' id='word_1_148' title='bbox 147 1037 291 1072; x_wconf 76' lang='lat' dir='ltr'><strong>Caesaris</strong></span> <span class='ocrx_word' id='word_1_149' title='bbox 312 1039 505 1079; x_wconf 74' lang='lat' dir='ltr'><strong>processibus</strong></span> <span class='ocrx_word' id='word_1_150' title='bbox 533 1039 722 1080; x_wconf 81' lang='lat' dir='ltr'><strong>invidebant,</strong></span> <span class='ocrx_word' id='word_1_151' title='bbox 756 1039 866 1071; x_wconf 82' lang='lat' dir='ltr'><strong>bellam</strong></span> <span class='ocrx_word' id='word_1_152' title='bbox 899 1040 985 1071; x_wconf 85' lang='lat' dir='ltr'><strong>civile</strong></span> <span class='ocrx_word' id='word_1_153' title='bbox 1010 1041 1104 1080; x_wconf 75' lang='lat' dir='ltr'><strong>yessit</strong></span> <span class='ocrx_word' id='word_1_154' title='bbox 1130 1041 1165 1072; x_wconf 82' lang='lat' dir='ltr'><strong>in</strong></span> <span class='ocrx_word' id='word_1_155' title='bbox 1191 1041 1352 1082; x_wconf 79' lang='lat' dir='ltr'><strong>Farsalia,</strong></span> 
     </span>
     <span class='ocr_line' id='line_1_19' title="bbox 66 1092 1350 1134; baseline 0.001 -9"><span class='ocrx_word' id='word_1_156' title='bbox 66 1103 125 1134; x_wconf 73' lang='lat' dir='ltr'><strong>quo</strong></span> <span class='ocrx_word' id='word_1_157' title='bbox 153 1092 318 1133; x_wconf 67' lang='lat' dir='ltr'><strong>Pompeius</strong></span> <span class='ocrx_word' id='word_1_158' title='bbox 348 1093 445 1124; x_wconf 78' lang='lat' dir='ltr'><strong>victas</strong></span> <span class='ocrx_word' id='word_1_159' title='bbox 475 1092 688 1124; x_wconf 74' lang='lat' dir='ltr'><strong>Alexandriae</strong></span> <span class='ocrx_word' id='word_1_160' title='bbox 719 1093 876 1125; x_wconf 75' lang='lat' dir='ltr'><strong>occiditur.</strong></span> <span class='ocrx_word' id='word_1_161' title='bbox 923 1092 1039 1125; x_wconf 82' lang='lat' dir='ltr'><strong>Caesar</strong></span> <span class='ocrx_word' id='word_1_162' title='bbox 1068 1093 1203 1125; x_wconf 82' lang='lat' dir='ltr'><strong>Romam</strong></span> <span class='ocrx_word' id='word_1_163' title='bbox 1234 1105 1350 1134; x_wconf 74' lang='lat' dir='ltr'><strong>compo-</strong></span> 
     </span>
     <span class='ocr_line' id='line_1_20' title="bbox 66 1146 1351 1188; baseline 0 -9"><span class='ocrx_word' id='word_1_164' title='bbox 66 1147 136 1179; x_wconf 86' lang='lat' dir='ltr'><strong>sitis</strong></span> <span class='ocrx_word' id='word_1_165' title='bbox 164 1146 253 1179; x_wconf 77' lang='lat' dir='ltr'><strong>rebus</strong></span> <span class='ocrx_word' id='word_1_166' title='bbox 287 1148 316 1178; x_wconf 81' lang='lat' dir='ltr'><strong>et</strong></span> <span class='ocrx_word' id='word_1_167' title='bbox 343 1146 540 1178; x_wconf 74' lang='lat' dir='ltr'><strong>Alexandria</strong></span> <span class='ocrx_word' id='word_1_168' title='bbox 575 1146 722 1178; x_wconf 78' lang='lat' dir='ltr'><strong>debellata</strong></span> <span class='ocrx_word' id='word_1_169' title='bbox 753 1157 890 1179; x_wconf 74' lang='lat' dir='ltr'><strong>reversus</strong></span> <span class='ocrx_word' id='word_1_170' title='bbox 923 1148 957 1178; x_wconf 88' lang='lat' dir='ltr'><strong>in</strong></span> <span class='ocrx_word' id='word_1_171' title='bbox 989 1148 1078 1179; x_wconf 72' lang='lat' dir='ltr'><strong>ouria</strong></span> <span class='ocrx_word' id='word_1_172' title='bbox 1108 1147 1300 1188; x_wconf 72' lang='lat' dir='ltr'><strong>Pompeiam</strong></span> <span class='ocrx_word' id='word_1_173' title='bbox 1331 1159 1351 1179; x_wconf 92' lang='lat' dir='ltr'><strong>a</strong></span> 
     </span>
     <span class='ocr_line' id='line_1_21' title="bbox 67 1199 1351 1242; baseline 0 -9"><span class='ocrx_word' id='word_1_174' title='bbox 67 1199 174 1233; x_wconf 81' lang='lat' dir='ltr'><strong>Cassio</strong></span> <span class='ocrx_word' id='word_1_175' title='bbox 197 1202 226 1232; x_wconf 80' lang='lat' dir='ltr'><strong>et</strong></span> <span class='ocrx_word' id='word_1_176' title='bbox 247 1199 351 1231; x_wconf 79' lang='lat' dir='ltr'><strong>Bruto</strong></span> <span class='ocrx_word' id='word_1_177' title='bbox 374 1200 505 1240; x_wconf 77' lang='lat' dir='ltr'><strong>aliisque</strong></span> <span class='ocrx_word' id='word_1_178' title='bbox 527 1199 728 1240; x_wconf 77' lang='lat' dir='ltr'><strong>Pompeianis</strong></span> <span class='ocrx_word' id='word_1_179' title='bbox 751 1200 865 1232; x_wconf 80' lang='lat' dir='ltr'><strong>occisus</strong></span> <span class='ocrx_word' id='word_1_180' title='bbox 888 1203 939 1232; x_wconf 86' lang='lat' dir='ltr'><strong>est.</strong></span> <span class='ocrx_word' id='word_1_181' title='bbox 974 1202 1062 1233; x_wconf 82' lang='lat' dir='ltr'><strong>enias</strong></span> <span class='ocrx_word' id='word_1_182' title='bbox 1084 1201 1168 1232; x_wconf 78' lang='lat' dir='ltr'><strong>heres</strong></span> <span class='ocrx_word' id='word_1_183' title='bbox 1191 1201 1351 1242; x_wconf 61' lang='lat' dir='ltr'><strong>Augustas</strong></span> 
     </span>
     <span class='ocr_line' id='line_1_22' title="bbox 67 1254 1352 1295; baseline 0.001 -9"><span class='ocrx_word' id='word_1_184' title='bbox 67 1264 136 1286; x_wconf 82' lang='lat' dir='ltr'><strong>oum</strong></span> <span class='ocrx_word' id='word_1_185' title='bbox 159 1254 303 1286; x_wconf 76' lang='lat' dir='ltr'><strong>intrasset</strong></span> <span class='ocrx_word' id='word_1_186' title='bbox 325 1254 430 1286; x_wconf 79' lang='lat' dir='ltr'><strong>urbem</strong></span> <span class='ocrx_word' id='word_1_187' title='bbox 453 1255 547 1295; x_wconf 76' lang='lat' dir='ltr'><strong>ooeyit</strong></span> <span class='ocrx_word' id='word_1_188' title='bbox 568 1265 588 1285; x_wconf 90' lang='lat' dir='ltr'><strong>a</strong></span> <span class='ocrx_word' id='word_1_189' title='bbox 610 1256 720 1286; x_wconf 79' lang='lat' dir='ltr'><strong>senata</strong></span> <span class='ocrx_word' id='word_1_190' title='bbox 743 1254 947 1294; x_wconf 69' lang='lat' dir='ltr'><strong>intmfeotoros</strong></span> <span class='ocrx_word' id='word_1_191' title='bbox 966 1254 1109 1286; x_wconf 79' lang='lat' dir='ltr'><strong>Caesaris</strong></span> <span class='ocrx_word' id='word_1_192' title='bbox 1126 1255 1306 1294; x_wconf 71' lang='lat' dir='ltr'><strong>parricidas</strong></span> <span class='ocrx_word' id='word_1_193' title='bbox 1324 1258 1352 1287; x_wconf 83' lang='lat' dir='ltr'><strong>ot</strong></span> 
     </span>
     <span class='ocr_line' id='line_1_23' title="bbox 66 1306 1350 1349; baseline 0.001 -10"><span class='ocrx_word' id='word_1_194' title='bbox 66 1306 163 1339; x_wconf 76' lang='lat' dir='ltr'><strong>hostes</strong></span> <span class='ocrx_word' id='word_1_195' title='bbox 185 1307 335 1349; x_wconf 77' lang='lat' dir='ltr'><strong>iudicari,</strong></span> <span class='ocrx_word' id='word_1_196' title='bbox 358 1318 484 1348; x_wconf 80' lang='lat' dir='ltr'><strong>eumque</strong></span> <span class='ocrx_word' id='word_1_197' title='bbox 507 1308 542 1339; x_wconf 84' lang='lat' dir='ltr'><strong>in</strong></span> <span class='ocrx_word' id='word_1_198' title='bbox 564 1308 690 1339; x_wconf 81' lang='lat' dir='ltr'><strong>oleorum</strong></span> <span class='ocrx_word' id='word_1_199' title='bbox 709 1318 871 1339; x_wconf 79' lang='lat' dir='ltr'><strong>numeram</strong></span> <span class='ocrx_word' id='word_1_200' title='bbox 890 1308 1000 1348; x_wconf 75' lang='lat' dir='ltr'><strong>referri</strong></span> <span class='ocrx_word' id='word_1_201' title='bbox 1017 1310 1046 1339; x_wconf 83' lang='lat' dir='ltr'><strong>et</strong></span> <span class='ocrx_word' id='word_1_202' title='bbox 1068 1309 1172 1339; x_wconf 78' lang='lat' dir='ltr'><strong>divum</strong></span> <span class='ocrx_word' id='word_1_203' title='bbox 1190 1309 1350 1349; x_wconf 76' lang='lat' dir='ltr'><strong>appellari.</strong></span> 
     </span>
    </p>

    <p class='ocr_par' dir='ltr' id='par_1_6' title="bbox 66 1361 1351 1617">
     <span class='ocr_line' id='line_1_24' title="bbox 156 1361 1351 1403; baseline 0 -10"><span class='ocrx_word' id='word_1_204' title='bbox 156 1361 230 1393; x_wconf 84' lang='lat'>287.</span> <span class='ocrx_word' id='word_1_205' title='bbox 267 1370 440 1393; x_wconf 81' lang='lat' dir='ltr'>IMPERIVM</span> <span class='ocrx_word' id='word_1_206' title='bbox 466 1370 618 1403; x_wconf 79' lang='lat' dir='ltr'><strong>OCEANO,</strong></span> <span class='ocrx_word' id='word_1_207' title='bbox 649 1371 769 1394; x_wconf 74' lang='lat' dir='ltr'><strong>FAMAM</strong></span> <span class='ocrx_word' id='word_1_208' title='bbox 800 1371 858 1400; x_wconf 77' lang='lat' dir='ltr'><strong>Qv1</strong></span> <span class='ocrx_word' id='word_1_209' title='bbox 884 1370 1063 1393; x_wconf 80' lang='lat' dir='ltr'>TERMINET</span> <span class='ocrx_word' id='word_1_210' title='bbox 1087 1370 1206 1393; x_wconf 73' lang='lat' dir='ltr'><strong>Asrnls</strong></span> <span class='ocrx_word' id='word_1_211' title='bbox 1231 1364 1288 1393; x_wconf 87' lang='lat' dir='ltr'><strong>aut</strong></span> <span class='ocrx_word' id='word_1_212' title='bbox 1312 1362 1351 1393; x_wconf 87' lang='lat' dir='ltr'><strong>ad</strong></span> 
     </span>
     <span class='ocr_line' id='line_1_25' title="bbox 66 1414 1349 1457; baseline -0.001 -10"><span class='ocrx_word' id='word_1_213' title='bbox 66 1414 196 1447; x_wconf 82' lang='lat' dir='ltr'><strong>laudem</strong></span> <span class='ocrx_word' id='word_1_214' title='bbox 219 1414 342 1447; x_wconf 84' lang='lat' dir='ltr'><strong>dictum</strong></span> <span class='ocrx_word' id='word_1_215' title='bbox 373 1417 437 1457; x_wconf 88' lang='lat' dir='ltr'><strong>est,</strong></span> <span class='ocrx_word' id='word_1_216' title='bbox 466 1417 523 1447; x_wconf 90' lang='lat' dir='ltr'><strong>aut</strong></span> <span class='ocrx_word' id='word_1_217' title='bbox 551 1417 637 1447; x_wconf 87' lang='lat' dir='ltr'><strong>certe</strong></span> <span class='ocrx_word' id='word_1_218' title='bbox 666 1415 843 1447; x_wconf 84' lang='lat' dir='ltr'><strong>secundum</strong></span> <span class='ocrx_word' id='word_1_219' title='bbox 872 1415 1052 1447; x_wconf 86' lang='lat' dir='ltr'><strong>historiam.</strong></span> <span class='ocrx_word' id='word_1_220' title='bbox 1098 1426 1132 1446; x_wconf 84' lang='lat' dir='ltr'><strong>re</strong></span> <span class='ocrx_word' id='word_1_221' title='bbox 1162 1426 1237 1447; x_wconf 86' lang='lat' dir='ltr'><strong>vera</strong></span> <span class='ocrx_word' id='word_1_222' title='bbox 1265 1416 1349 1447; x_wconf 84' lang='lat' dir='ltr'><strong>enim</strong></span> 
     </span>
     <span class='ocr_line' id='line_1_26' title="bbox 67 1468 1351 1510; baseline 0 -10"><span class='ocrx_word' id='word_1_223' title='bbox 67 1469 101 1500; x_wconf 91' lang='lat' dir='ltr'><strong>et</strong></span> <span class='ocrx_word' id='word_1_224' title='bbox 123 1468 299 1500; x_wconf 81' lang='lat' dir='ltr'><strong>Britannos</strong></span> <span class='ocrx_word' id='word_1_225' title='bbox 331 1468 386 1510; x_wconf 88' lang='lat' dir='ltr'><strong>qui</strong></span> <span class='ocrx_word' id='word_1_226' title='bbox 417 1469 451 1500; x_wconf 91' lang='lat' dir='ltr'><strong>in</strong></span> <span class='ocrx_word' id='word_1_227' title='bbox 482 1475 602 1500; x_wconf 83' lang='lat' dir='ltr'><strong>oceano</strong></span> <span class='ocrx_word' id='word_1_228' title='bbox 632 1471 707 1500; x_wconf 76' lang='lat' dir='ltr'><strong>sunt</strong></span> <span class='ocrx_word' id='word_1_229' title='bbox 739 1469 830 1510; x_wconf 88' lang='lat' dir='ltr'><strong>vicit,</strong></span> <span class='ocrx_word' id='word_1_230' title='bbox 861 1470 893 1500; x_wconf 87' lang='lat' dir='ltr'><strong>et</strong></span> <span class='ocrx_word' id='word_1_231' title='bbox 923 1470 1000 1509; x_wconf 87' lang='lat' dir='ltr'><strong>post</strong></span> <span class='ocrx_word' id='word_1_232' title='bbox 1024 1470 1162 1500; x_wconf 79' lang='lat' dir='ltr'><strong>mortem</strong></span> <span class='ocrx_word' id='word_1_233' title='bbox 1186 1469 1254 1500; x_wconf 87' lang='lat' dir='ltr'><strong>eius</strong></span> <span class='ocrx_word' id='word_1_234' title='bbox 1279 1479 1351 1500; x_wconf 88' lang='lat' dir='ltr'><strong>cum</strong></span> 
     </span>
     <span class='ocr_line' id='line_1_27' title="bbox 66 1521 1350 1564; baseline 0 -11"><span class='ocrx_word' id='word_1_235' title='bbox 66 1521 136 1554; x_wconf 87' lang='lat' dir='ltr'><strong>ludi</strong></span> <span class='ocrx_word' id='word_1_236' title='bbox 159 1521 311 1554; x_wconf 85' lang='lat' dir='ltr'><strong>funebres</strong></span> <span class='ocrx_word' id='word_1_237' title='bbox 335 1522 377 1553; x_wconf 89' lang='lat' dir='ltr'><strong>ab</strong></span> <span class='ocrx_word' id='word_1_238' title='bbox 401 1522 551 1563; x_wconf 86' lang='lat' dir='ltr'><strong>Augusto</strong></span> <span class='ocrx_word' id='word_1_239' title='bbox 576 1522 644 1553; x_wconf 90' lang='lat' dir='ltr'><strong>eius</strong></span> <span class='ocrx_word' id='word_1_240' title='bbox 669 1522 822 1564; x_wconf 85' lang='lat' dir='ltr'><strong>adoptivo</strong></span> <span class='ocrx_word' id='word_1_241' title='bbox 846 1522 913 1554; x_wconf 90' lang='lat' dir='ltr'><strong>filio</strong></span> <span class='ocrx_word' id='word_1_242' title='bbox 935 1522 1098 1559; x_wconf 57' lang='lat' dir='ltr'><strong>darentur,</strong></span> <span class='ocrx_word' id='word_1_243' title='bbox 1126 1522 1221 1554; x_wconf 89' lang='lat' dir='ltr'><strong>stella</strong></span> <span class='ocrx_word' id='word_1_244' title='bbox 1245 1522 1350 1554; x_wconf 87' lang='lat' dir='ltr'><strong>medio</strong></span> 
     </span>
     <span class='ocr_line' id='line_1_28' title="bbox 67 1574 1350 1617; baseline 0.001 -11"><span class='ocrx_word' id='word_1_245' title='bbox 67 1575 118 1607; x_wconf 90' lang='lat' dir='ltr'><strong>die</strong></span> <span class='ocrx_word' id='word_1_246' title='bbox 137 1575 290 1616; x_wconf 69' lang='lat' dir='ltr'><strong>visa‘est,</strong></span> <span class='ocrx_word' id='word_1_247' title='bbox 310 1575 394 1607; x_wconf 89' lang='lat' dir='ltr'><strong>unde</strong></span> <span class='ocrx_word' id='word_1_248' title='bbox 414 1577 464 1607; x_wconf 87' lang='lat' dir='ltr'><strong>est</strong></span> <span class='ocrx_word' id='word_1_249' title='bbox 483 1586 567 1607; x_wconf 88' lang='lat' dir='ltr'><strong>ecce</strong></span> <span class='ocrx_word' id='word_1_250' title='bbox 588 1575 753 1607; x_wconf 84' lang='lat' dir='ltr'><strong>Dionaei</strong></span> <span class='ocrx_word' id='word_1_251' title='bbox 771 1575 968 1617; x_wconf 84' lang='lat' dir='ltr'><strong>processit</strong></span> <span class='ocrx_word' id='word_1_252' title='bbox 988 1574 1170 1607; x_wconf 83' lang='lat' dir='ltr'><strong>Caesaris</strong></span> <span class='ocrx_word' id='word_1_253' title='bbox 1195 1577 1350 1607; x_wconf 85' lang='lat' dir='ltr'><strong>astrum.</strong></span> 
     </span>
    </p>

    <p class='ocr_par' dir='ltr' id='par_1_7' title="bbox 67 1629 1352 1724">
     <span class='ocr_line' id='line_1_29' title="bbox 154 1629 1352 1670; baseline 0.001 -10"><span class='ocrx_word' id='word_1_254' title='bbox 154 1638 177 1660; x_wconf 86' lang='lat' dir='ltr'><strong>A</strong></span> <span class='ocrx_word' id='word_1_255' title='bbox 200 1637 323 1661; x_wconf 81' lang='lat' dir='ltr'>MAGNO</span> <span class='ocrx_word' id='word_1_256' title='bbox 348 1629 433 1660; x_wconf 87' lang='lat' dir='ltr'><strong>sicut</strong></span> <span class='ocrx_word' id='word_1_257' title='bbox 457 1629 656 1670; x_wconf 83' lang='lat' dir='ltr'><strong>Alexander,</strong></span> <span class='ocrx_word' id='word_1_258' title='bbox 686 1629 770 1661; x_wconf 89' lang='lat' dir='ltr'><strong>sicut</strong></span> <span class='ocrx_word' id='word_1_259' title='bbox 794 1629 977 1670; x_wconf 88' lang='lat' dir='ltr'><strong>Pompeius.</strong></span> <span class='ocrx_word' id='word_1_260' title='bbox 1025 1629 1138 1661; x_wconf 77' lang='lat' dir='ltr'><strong>Graeci</strong></span> <span class='ocrx_word' id='word_1_261' title='bbox 1160 1629 1242 1661; x_wconf 84' lang='lat' dir='ltr'><strong>enim</strong></span> <span class='ocrx_word' id='word_1_262' title='bbox 1265 1639 1352 1661; x_wconf 82' lang='lat' dir='ltr'><strong>omne</strong></span> 
     </span>
     <span class='ocr_line' id='line_1_30' title="bbox 67 1683 1021 1724; baseline -0.001 -9"><span class='ocrx_word' id='word_1_263' title='bbox 67 1683 265 1724; x_wconf 66' lang='lat' dir='ltr'><strong>magnificum</strong></span> <span class='ocrx_word' id='word_1_264' title='bbox 288 1693 449 1723; x_wconf 68' lang='lat' dir='ltr'><strong>maynum,</strong></span> <span class='ocrx_word' id='word_1_265' title='bbox 472 1685 509 1715; x_wconf 77' lang='lat' dir='ltr'><strong>at</strong></span> <span class='ocrx_word' id='word_1_266' title='bbox 530 1686 628 1715; x_wconf 77' lang='lat' dir='ltr'><strong>mater</strong></span> <span class='ocrx_word' id='word_1_267' title='bbox 651 1693 766 1724; x_wconf 56' lang='lat' dir='ltr'><strong>maana</strong></span> <span class='ocrx_word' id='word_1_268' title='bbox 789 1686 817 1714; x_wconf 86' lang='lat' dir='ltr'><strong>et</strong></span> <span class='ocrx_word' id='word_1_269' title='bbox 839 1684 885 1714; x_wconf 82' lang='lat' dir='ltr'><strong>clii</strong></span> <span class='ocrx_word' id='word_1_270' title='bbox 906 1684 1021 1724; x_wconf 74' lang='lat' dir='ltr'><strong>mayni.</strong></span> 
     </span>
    </p>
   </div>
   <div class='ocr_carea' id='block_1_4' title="bbox 75 1755 286 1759">
    <p class='ocr_par' dir='ltr' id='par_1_8' title="bbox 75 1755 286 1759">
     <span class='ocr_line' id='line_1_31' title="bbox 75 1755 286 1759; baseline 0 0"><span class='ocrx_word' id='word_1_271' title='bbox 75 1755 286 1759; x_wconf 95' lang='lat' dir='ltr'><strong> </strong></span> 
     </span>
    </p>
   </div>
   <div class='ocr_carea' id='block_1_5' title="bbox 69 1788 1349 1859">
    <p class='ocr_par' dir='ltr' id='par_1_9' title="bbox 69 1788 1349 1859">
     <span class='ocr_line' id='line_1_32' title="bbox 137 1788 1349 1824; baseline -0.001 -9"><span class='ocrx_word' id='word_1_272' title='bbox 137 1791 153 1815; x_wconf 84' lang='lat'><strong>3</strong></span> <span class='ocrx_word' id='word_1_273' title='bbox 176 1788 480 1824; x_wconf 85' lang='lat' dir='ltr'><strong>Agamemnoniasque]</strong></span> <span class='ocrx_word' id='word_1_274' title='bbox 505 1789 537 1817; x_wconf 90' lang='lat' dir='ltr'><strong>A.</strong></span> <span class='ocrx_word' id='word_1_275' title='bbox 563 1789 602 1816; x_wconf 90' lang='lat' dir='ltr'><strong>VI</strong></span> <span class='ocrx_word' id='word_1_276' title='bbox 626 1792 677 1816; x_wconf 87' lang='lat'><strong>838</strong></span> <span class='ocrx_word' id='word_1_277' title='bbox 701 1790 710 1823; x_wconf 88' lang='grc' dir='ltr'><strong>ΙΙ</strong></span> <span class='ocrx_word' id='word_1_278' title='bbox 734 1791 764 1815; x_wconf 85' lang='grc'><strong>11</strong></span> <span class='ocrx_word' id='word_1_279' title='bbox 792 1789 893 1815; x_wconf 80' lang='lat' dir='ltr'><strong>Caesar</strong></span> <span class='ocrx_word' id='word_1_280' title='bbox 915 1789 961 1815; x_wconf 88' lang='lat' dir='ltr'><strong>vel</strong></span> <span class='ocrx_word' id='word_1_281' title='bbox 984 1788 1059 1822; x_wconf 87' lang='lat' dir='ltr'><strong>quod</strong></span> <span class='ocrx_word' id='word_1_282' title='bbox 1082 1797 1105 1816; x_wconf 91' lang='lat' dir='ltr'><strong>e.</strong></span> <span class='ocrx_word' id='word_1_283' title='bbox 1126 1798 1152 1822; x_wconf 71' lang='lat' dir='ltr'><strong>q,</strong></span> <span class='ocrx_word' id='word_1_284' title='bbox 1173 1789 1205 1822; x_wconf 84' lang='lat' dir='ltr'><strong>s.]</strong></span> <span class='ocrx_word' id='word_1_285' title='bbox 1231 1788 1265 1814; x_wconf 83' lang='lat' dir='ltr'><strong>cf.</strong></span> <span class='ocrx_word' id='word_1_286' title='bbox 1291 1788 1349 1814; x_wconf 88' lang='lat' dir='ltr'><strong>Ael.</strong></span> 
     </span>
     <span class='ocr_line' id='line_1_33' title="bbox 69 1823 1189 1859; baseline -0.001 -8"><span class='ocrx_word' id='word_1_287' title='bbox 69 1824 212 1859; x_wconf 83' lang='lat' dir='ltr'><strong>Spartiani</strong></span> <span class='ocrx_word' id='word_1_288' title='bbox 230 1824 290 1851; x_wconf 90' lang='lat' dir='ltr'><strong>Ael.</strong></span> <span class='ocrx_word' id='word_1_289' title='bbox 310 1823 374 1851; x_wconf 83' lang='lat' dir='ltr'><strong>Ver.</strong></span> <span class='ocrx_word' id='word_1_290' title='bbox 395 1827 410 1850; x_wconf 80' lang='lat'>2</span> <span class='ocrx_word' id='word_1_291' title='bbox 431 1826 460 1851; x_wconf 80' lang='lat' dir='ltr'><strong>et</strong></span> <span class='ocrx_word' id='word_1_292' title='bbox 478 1825 542 1851; x_wconf 83' lang='lat' dir='ltr'><strong>Isid.</strong></span> <span class='ocrx_word' id='word_1_293' title='bbox 563 1833 601 1853; x_wconf 86' lang='lat' dir='ltr'><strong>or.</strong></span> <span class='ocrx_word' id='word_1_294' title='bbox 622 1825 659 1851; x_wconf 89' lang='lat' dir='ltr'><strong>IX</strong></span> <span class='ocrx_word' id='word_1_295' title='bbox 679 1828 704 1859; x_wconf 84' lang='lat'><strong>3,</strong></span> <span class='ocrx_word' id='word_1_296' title='bbox 727 1828 758 1851; x_wconf 77' lang='lat'><strong>12</strong></span> <span class='ocrx_word' id='word_1_297' title='bbox 778 1834 816 1858; x_wconf 81' lang='lat' dir='ltr'><strong>sq.</strong></span> <span class='ocrx_word' id='word_1_298' title='bbox 838 1826 848 1858; x_wconf 80' lang='grc' dir='ltr'><strong>ΙΙ</strong></span> <span class='ocrx_word' id='word_1_299' title='bbox 867 1828 900 1851; x_wconf 79' lang='grc'><strong>26</strong></span> <span class='ocrx_word' id='word_1_300' title='bbox 921 1824 996 1859; x_wconf 88' lang='lat' dir='ltr'><strong>ecce]</strong></span> <span class='ocrx_word' id='word_1_301' title='bbox 1017 1825 1078 1852; x_wconf 87' lang='lat' dir='ltr'><strong>buc.</strong></span> <span class='ocrx_word' id='word_1_302' title='bbox 1099 1825 1137 1850; x_wconf 88' lang='lat' dir='ltr'><strong>IX</strong></span> <span class='ocrx_word' id='word_1_303' title='bbox 1156 1827 1189 1850; x_wconf 82' lang='lat'><strong>47</strong></span> 
     </span>
    </p>
   </div>
   <div class='ocr_carea' id='block_1_6' title="bbox 69 1888 282 1892">
    <p class='ocr_par' dir='ltr' id='par_1_10' title="bbox 69 1888 282 1892">
     <span class='ocr_line' id='line_1_34' title="bbox 69 1888 282 1892; baseline 0 0"><span class='ocrx_word' id='word_1_304' title='bbox 69 1888 282 1892; x_wconf 95' lang='lat' dir='ltr'><strong> </strong></span> 
     </span>
    </p>
   </div>
   <div class='ocr_carea' id='block_1_7' title="bbox 139 1922 1352 1956">
    <p class='ocr_par' dir='ltr' id='par_1_11' title="bbox 139 1922 1352 1956">
     <span class='ocr_line' id='line_1_35' title="bbox 139 1922 1352 1956; baseline -0.002 -5"><span class='ocrx_word' id='word_1_305' title='bbox 139 1927 153 1950; x_wconf 87' lang='lat'>1</span> <span class='ocrx_word' id='word_1_306' title='bbox 174 1923 322 1950; x_wconf 87' lang='lat' dir='ltr'><strong>Nummius</strong></span> <span class='ocrx_word' id='word_1_307' title='bbox 347 1922 371 1949; x_wconf 87' lang='lat' dir='ltr'><strong>C&#39;</strong></span> <span class='ocrx_word' id='word_1_308' title='bbox 396 1922 546 1949; x_wconf 87' lang='lat' dir='ltr'><strong>mummius</strong></span> <span class='ocrx_word' id='word_1_309' title='bbox 573 1928 634 1950; x_wconf 78' lang='lat' dir='ltr'><strong>erat</strong></span> <span class='ocrx_word' id='word_1_310' title='bbox 653 1923 691 1949; x_wconf 90' lang='lat' dir='ltr'><em>M</em></span> <span class='ocrx_word' id='word_1_311' title='bbox 711 1924 720 1956; x_wconf 80' lang='grc' dir='ltr'><strong>ΙΙ</strong></span> <span class='ocrx_word' id='word_1_312' title='bbox 743 1926 759 1949; x_wconf 86' lang='grc'><strong>3</strong></span> <span class='ocrx_word' id='word_1_313' title='bbox 783 1924 815 1949; x_wconf 89' lang='lat' dir='ltr'><strong>ut</strong></span> <span class='ocrx_word' id='word_1_314' title='bbox 838 1923 1129 1956; x_wconf 80' lang='lat' dir='ltr'><strong>Agamemnoniasque</strong></span> <span class='ocrx_word' id='word_1_315' title='bbox 1152 1922 1295 1956; x_wconf 78' lang='lat' dir='ltr'><strong>Mycenas}</strong></span> <span class='ocrx_word' id='word_1_316' title='bbox 1320 1923 1352 1948; x_wconf 90' lang='lat' dir='ltr'><strong>ut</strong></span> 
     </span>
    </p>
   </div>
   <div class='ocr_carea' id='block_1_8' title="bbox 11 1947 1350 1999">
    <p class='ocr_par' dir='ltr' id='par_1_12' title="bbox 11 1947 1350 1999">
     <span class='ocr_line' id='line_1_36' title="bbox 11 1947 1350 1999; baseline -0.001 -13"><span class='ocrx_word' id='word_1_317' title='bbox 11 1947 20 1958; x_wconf 10' lang='grc' dir='ltr'><strong>ιη</strong></span> <span class='ocrx_word' id='word_1_318' title='bbox 66 1958 126 1994; x_wconf 78' lang='lat' dir='ltr'><strong>ipse</strong></span> <span class='ocrx_word' id='word_1_319' title='bbox 149 1959 317 1993; x_wconf 84' lang='lat' dir='ltr'><strong>Mycenaeus</strong></span> <span class='ocrx_word' id='word_1_320' title='bbox 340 1967 506 1999; x_wconf 74' lang='lat' dir='ltr'><strong>magnorum</strong></span> <span class='ocrx_word' id='word_1_321' title='bbox 534 1958 634 1985; x_wconf 85' lang='lat' dir='ltr'><strong>ductor</strong></span> <span class='ocrx_word' id='word_1_322' title='bbox 657 1958 796 1985; x_wconf 85' lang='lat' dir='ltr'><strong>Achiuum</strong></span> <span class='ocrx_word' id='word_1_323' title='bbox 822 1958 845 1984; x_wconf 80' lang='lat' dir='ltr'><em>C</em></span> <span class='ocrx_word' id='word_1_324' title='bbox 864 1959 874 1992; x_wconf 75' lang='grc' dir='ltr'><strong>ΙΙ</strong></span> <span class='ocrx_word' id='word_1_325' title='bbox 897 1961 913 1984; x_wconf 84' lang='lat'>4</span> <span class='ocrx_word' id='word_1_326' title='bbox 939 1959 976 1985; x_wconf 77' lang='lat' dir='ltr'><strong>ad</strong></span> <span class='ocrx_word' id='word_1_327' title='bbox 999 1967 1023 1984; x_wconf 87' lang='lat' dir='ltr'><strong>v.</strong></span> <span class='ocrx_word' id='word_1_328' title='bbox 1050 1961 1101 1984; x_wconf 80' lang='lat'><strong>286</strong></span> <span class='ocrx_word' id='word_1_329' title='bbox 1126 1957 1238 1992; x_wconf 82' lang='lat' dir='ltr'><strong>Caesar]</strong></span> <span class='ocrx_word' id='word_1_330' title='bbox 1265 1957 1350 1984; x_wconf 85' lang='lat' dir='ltr'><strong>Gaius</strong></span> 
     </span>
    </p>
   </div>
   <div class='ocr_carea' id='block_1_9' title="bbox 69 1993 1351 2028">
    <p class='ocr_par' dir='ltr' id='par_1_13' title="bbox 69 1993 1351 2028">
     <span class='ocr_line' id='line_1_37' title="bbox 69 1993 1351 2028; baseline -0.002 -7"><span class='ocrx_word' id='word_1_331' title='bbox 69 1994 155 2022; x_wconf 79' lang='lat' dir='ltr'><strong>Iulius</strong></span> <span class='ocrx_word' id='word_1_332' title='bbox 174 1995 276 2022; x_wconf 84' lang='lat' dir='ltr'><strong>Caesar</strong></span> <span class='ocrx_word' id='word_1_333' title='bbox 294 1994 343 2028; x_wconf 88' lang='lat' dir='ltr'><strong>qui</strong></span> <span class='ocrx_word' id='word_1_334' title='bbox 362 2004 391 2020; x_wconf 89' lang='lat' dir='ltr'><strong>m</strong></span> <span class='ocrx_word' id='word_1_335' title='bbox 410 1994 488 2021; x_wconf 82' lang='lat' dir='ltr'><strong>curia</strong></span> <span class='ocrx_word' id='word_1_336' title='bbox 506 1994 678 2028; x_wconf 87' lang='lat' dir='ltr'><strong>Pompeiana</strong></span> <span class='ocrx_word' id='word_1_337' title='bbox 702 2002 718 2020; x_wconf 84' lang='lat' dir='ltr'><strong>a</strong></span> <span class='ocrx_word' id='word_1_338' title='bbox 738 1994 832 2021; x_wconf 84' lang='lat' dir='ltr'><strong>Cassio</strong></span> <span class='ocrx_word' id='word_1_339' title='bbox 853 1994 949 2028; x_wconf 86' lang='lat' dir='ltr'><strong>(casio)</strong></span> <span class='ocrx_word' id='word_1_340' title='bbox 975 1995 1003 2020; x_wconf 89' lang='lat' dir='ltr'><strong>et</strong></span> <span class='ocrx_word' id='word_1_341' title='bbox 1021 1994 1108 2021; x_wconf 78' lang='lat' dir='ltr'><strong>Bruto</strong></span> <span class='ocrx_word' id='word_1_342' title='bbox 1133 1993 1251 2027; x_wconf 88' lang='lat' dir='ltr'><strong>aliisque</strong></span> <span class='ocrx_word' id='word_1_343' title='bbox 1270 1993 1351 2020; x_wconf 90' lang='lat' dir='ltr'><strong>Pom—</strong></span> 
     </span>
    </p>
   </div>
   <div class='ocr_carea' id='block_1_10' title="bbox 3 2021 1351 2065">
    <p class='ocr_par' dir='ltr' id='par_1_14' title="bbox 3 2021 1351 2065">
     <span class='ocr_line' id='line_1_38' title="bbox 3 2021 1351 2065; baseline -0.002 -7"><span class='ocrx_word' id='word_1_344' title='bbox 3 2021 17 2034; x_wconf 20' lang='grc' dir='ltr'><strong>μ’</strong></span> <span class='ocrx_word' id='word_1_345' title='bbox 66 2030 173 2065; x_wconf 71' lang='lat' dir='ltr'><strong>poianis</strong></span> <span class='ocrx_word' id='word_1_346' title='bbox 197 2030 303 2058; x_wconf 88' lang='lat' dir='ltr'><strong>occisus</strong></span> <span class='ocrx_word' id='word_1_347' title='bbox 329 2031 372 2057; x_wconf 88' lang='lat' dir='ltr'><strong>est</strong></span> <span class='ocrx_word' id='word_1_348' title='bbox 390 2030 496 2057; x_wconf 85' lang='lat' dir='ltr'><strong>Romae</strong></span> <span class='ocrx_word' id='word_1_349' title='bbox 520 2030 668 2056; x_wconf 85' lang='lat' dir='ltr'><strong>interfecto</strong></span> <span class='ocrx_word' id='word_1_350' title='bbox 693 2029 827 2064; x_wconf 88' lang='lat' dir='ltr'><strong>Pompeio</strong></span> <span class='ocrx_word' id='word_1_351' title='bbox 852 2029 888 2056; x_wconf 86' lang='lat' dir='ltr'><strong>ab</strong></span> <span class='ocrx_word' id='word_1_352' title='bbox 912 2038 945 2056; x_wconf 88' lang='lat' dir='ltr'><strong>eo</strong></span> <span class='ocrx_word' id='word_1_353' title='bbox 969 2029 1043 2064; x_wconf 89' lang='lat' dir='ltr'><strong>apud</strong></span> <span class='ocrx_word' id='word_1_354' title='bbox 1067 2028 1274 2056; x_wconf 83' lang='lat' dir='ltr'><strong>Alexandriam.</strong></span> <span class='ocrx_word' id='word_1_355' title='bbox 1301 2029 1328 2055; x_wconf 88' lang='lat' dir='ltr'><em>P</em></span> <span class='ocrx_word' id='word_1_356' title='bbox 1342 2028 1351 2062; x_wconf 69' lang='lat' dir='ltr'><strong>il</strong></span> 
     </span>
    </p>
   </div>
   <div class='ocr_carea' id='block_1_11' title="bbox 69 2080 1351 2172">
    <p class='ocr_par' dir='ltr' id='par_1_15' title="bbox 69 2080 1351 2172">
     <span class='ocr_line' id='line_1_39' title="bbox 69 2080 1351 2137; baseline -0.002 -8"><span class='ocrx_word' id='word_1_357' title='bbox 69 2104 101 2128; x_wconf 92' lang='grc'><strong>10</strong></span> <span class='ocrx_word' id='word_1_358' title='bbox 120 2102 211 2129; x_wconf 79' lang='lat' dir='ltr'><strong>dictus</strong></span> <span class='ocrx_word' id='word_1_359' title='bbox 234 2103 288 2137; x_wconf 29' lang='lat' dir='ltr'><strong>est-l</strong></span> <span class='ocrx_word' id='word_1_360' title='bbox 309 2102 411 2129; x_wconf 87' lang='lat' dir='ltr'><strong>dicitur</strong></span> <span class='ocrx_word' id='word_1_361' title='bbox 437 2101 460 2128; x_wconf 81' lang='lat' dir='ltr'>O</span> <span class='ocrx_word' id='word_1_362' title='bbox 480 2102 489 2135; x_wconf 85' lang='grc' dir='ltr'><strong>ΙΙ</strong></span> <span class='ocrx_word' id='word_1_363' title='bbox 512 2081 595 2135; x_wconf 72' lang='lat' dir='ltr'><strong>graiis</strong></span> <span class='ocrx_word' id='word_1_364' title='bbox 614 2102 646 2127; x_wconf 93' lang='lat' dir='ltr'><strong><em>K</em></strong></span> <span class='ocrx_word' id='word_1_365' title='bbox 661 2102 671 2135; x_wconf 74' lang='grc' dir='ltr'><strong>ΙΙ</strong></span> <span class='ocrx_word' id='word_1_366' title='bbox 689 2101 762 2127; x_wconf 87' lang='lat' dir='ltr'><strong>iulus</strong></span> <span class='ocrx_word' id='word_1_367' title='bbox 781 2101 808 2127; x_wconf 91' lang='lat' dir='ltr'><strong><em>B</em></strong></span> <span class='ocrx_word' id='word_1_368' title='bbox 828 2102 837 2134; x_wconf 82' lang='grc' dir='ltr'><strong>ΙΙ</strong></span> <span class='ocrx_word' id='word_1_369' title='bbox 855 2080 938 2135; x_wconf 81' lang='lat' dir='ltr'><strong>gratis</strong></span> <span class='ocrx_word' id='word_1_370' title='bbox 957 2101 988 2127; x_wconf 89' lang='lat' dir='ltr'><strong><em>K</em></strong></span> <span class='ocrx_word' id='word_1_371' title='bbox 1005 2101 1034 2127; x_wconf 89' lang='lat' dir='ltr'><strong>et</strong></span> <span class='ocrx_word' id='word_1_372' title='bbox 1052 2100 1138 2127; x_wconf 81' lang='lat' dir='ltr'><strong>Gaius</strong></span> <span class='ocrx_word' id='word_1_373' title='bbox 1158 2100 1182 2127; x_wconf 80' lang='lat'><em>0</em></span> <span class='ocrx_word' id='word_1_374' title='bbox 1197 2101 1206 2134; x_wconf 74' lang='grc' dir='ltr'><strong>ΙΙ</strong></span> <span class='ocrx_word' id='word_1_375' title='bbox 1224 2108 1351 2137; x_wconf 44' lang='lat' dir='ltr'><strong>&amp;momen</strong></span> 
     </span>
     <span class='ocr_line' id='line_1_40' title="bbox 69 2136 1351 2172; baseline -0.002 -7"><span class='ocrx_word' id='word_1_376' title='bbox 69 2137 101 2164; x_wconf 88' lang='lat' dir='ltr'><strong><em>K</em></strong></span> <span class='ocrx_word' id='word_1_377' title='bbox 120 2138 130 2172; x_wconf 87' lang='grc' dir='ltr'><strong>ΙΙ</strong></span> <span class='ocrx_word' id='word_1_378' title='bbox 153 2141 184 2164; x_wconf 91' lang='grc'><strong>11</strong></span> <span class='ocrx_word' id='word_1_379' title='bbox 212 2137 314 2165; x_wconf 85' lang='lat' dir='ltr'><strong>Caesar</strong></span> <span class='ocrx_word' id='word_1_380' title='bbox 337 2138 382 2165; x_wconf 85' lang='lat' dir='ltr'><strong>vel</strong></span> <span class='ocrx_word' id='word_1_381' title='bbox 481 2137 547 2164; x_wconf 82' lang='lat' dir='ltr'><strong>ituri</strong></span> <span class='ocrx_word' id='word_1_382' title='bbox 572 2138 670 2172; x_wconf 87' lang='lat' dir='ltr'><strong>optent</strong></span> <span class='ocrx_word' id='word_1_383' title='bbox 693 2138 733 2170; x_wconf 84' lang='lat' dir='ltr'><strong>(p.</strong></span> <span class='ocrx_word' id='word_1_384' title='bbox 754 2140 804 2163; x_wconf 82' lang='lat'><strong>107</strong></span> <span class='ocrx_word' id='word_1_385' title='bbox 830 2137 878 2163; x_wconf 86' lang='lat' dir='ltr'><strong>lin.</strong></span> <span class='ocrx_word' id='word_1_386' title='bbox 896 2138 921 2169; x_wconf 80' lang='lat'><strong>7)</strong></span> <span class='ocrx_word' id='word_1_387' title='bbox 945 2145 995 2163; x_wconf 88' lang='lat' dir='ltr'><strong>om.</strong></span> <span class='ocrx_word' id='word_1_388' title='bbox 1014 2137 1047 2163; x_wconf 89' lang='lat' dir='ltr'><em>K</em></span> <span class='ocrx_word' id='word_1_389' title='bbox 1067 2138 1076 2170; x_wconf 74' lang='grc' dir='ltr'><strong>Η</strong></span> <span class='ocrx_word' id='word_1_390' title='bbox 1101 2139 1132 2162; x_wconf 80' lang='lat'><strong>12</strong></span> <span class='ocrx_word' id='word_1_391' title='bbox 1157 2136 1300 2162; x_wconf 85' lang='lat' dir='ltr'><strong>elifantem</strong></span> <span class='ocrx_word' id='word_1_392' title='bbox 1324 2136 1351 2162; x_wconf 91' lang='lat' dir='ltr'><strong><em>B</em></strong></span> 
     </span>
    </p>
   </div>
   <div class='ocr_carea' id='block_1_12' title="bbox 34 2171 1349 2207">
    <p class='ocr_par' dir='ltr' id='par_1_16' title="bbox 34 2171 1349 2207">
     <span class='ocr_line' id='line_1_41' title="bbox 34 2171 1349 2207; baseline -0.002 -7"><span class='ocrx_word' id='word_1_393' title='bbox 34 2172 37 2173; x_wconf 46' lang='lat'><em>⁷</em></span> <span class='ocrx_word' id='word_1_394' title='bbox 68 2172 219 2200; x_wconf 77' lang='lat' dir='ltr'><strong>elefantum</strong></span> <span class='ocrx_word' id='word_1_395' title='bbox 238 2174 270 2200; x_wconf 88' lang='lat' dir='ltr'><em>H</em></span> <span class='ocrx_word' id='word_1_396' title='bbox 286 2174 295 2207; x_wconf 81' lang='grc' dir='ltr'><strong>ΙΙ</strong></span> <span class='ocrx_word' id='word_1_397' title='bbox 315 2182 378 2200; x_wconf 88' lang='lat' dir='ltr'><strong>cesa</strong></span> <span class='ocrx_word' id='word_1_398' title='bbox 396 2174 423 2199; x_wconf 91' lang='lat' dir='ltr'><em>B</em></span> <span class='ocrx_word' id='word_1_399' title='bbox 442 2173 536 2200; x_wconf 84' lang='lat' dir='ltr'><strong>caesai</strong></span> <span class='ocrx_word' id='word_1_400' title='bbox 554 2173 762 2207; x_wconf 68' lang='lat' dir='ltr'><strong>Ramberqensts</strong></span> <span class='ocrx_word' id='word_1_401' title='bbox 781 2175 805 2199; x_wconf 88' lang='lat' dir='ltr'><strong>et</strong></span> <span class='ocrx_word' id='word_1_402' title='bbox 824 2172 973 2199; x_wconf 79' lang='lat' dir='ltr'><strong>Palatinus</strong></span> <span class='ocrx_word' id='word_1_403' title='bbox 992 2172 1140 2206; x_wconf 68' lang='lat' dir='ltr'><strong>Spaniam</strong></span> <span class='ocrx_word' id='word_1_404' title='bbox 1159 2172 1175 2198; x_wconf 87' lang='lat' dir='ltr'><strong>l.</strong></span> <span class='ocrx_word' id='word_1_405' title='bbox 1192 2172 1208 2198; x_wconf 86' lang='lat' dir='ltr'><strong>l.</strong></span> <span class='ocrx_word' id='word_1_406' title='bbox 1224 2172 1233 2205; x_wconf 81' lang='grc' dir='ltr'><strong>ΙΙ</strong></span> <span class='ocrx_word' id='word_1_407' title='bbox 1256 2174 1287 2198; x_wconf 92' lang='grc'><strong>13</strong></span> <span class='ocrx_word' id='word_1_408' title='bbox 1307 2171 1349 2196; x_wconf 83' lang='grc' dir='ltr'>Ιιι-</span> 
     </span>
    </p>
   </div>
   <div class='ocr_carea' id='block_1_13' title="bbox 67 2206 1349 2421">
    <p class='ocr_par' dir='ltr' id='par_1_17' title="bbox 67 2206 1349 2421">
     <span class='ocr_line' id='line_1_42' title="bbox 67 2206 1349 2243; baseline -0.003 -7"><span class='ocrx_word' id='word_1_409' title='bbox 67 2208 112 2235; x_wconf 74' lang='lat' dir='ltr'><strong>lus</strong></span> <span class='ocrx_word' id='word_1_410' title='bbox 131 2208 155 2236; x_wconf 83' lang='lat' dir='ltr'><strong><em>G</em></strong></span> <span class='ocrx_word' id='word_1_411' title='bbox 174 2210 184 2243; x_wconf 77' lang='grc' dir='ltr'><strong>ΙΙ</strong></span> <span class='ocrx_word' id='word_1_412' title='bbox 208 2212 240 2235; x_wconf 87' lang='grc'><strong>15</strong></span> <span class='ocrx_word' id='word_1_413' title='bbox 264 2209 316 2236; x_wconf 86' lang='lat' dir='ltr'><strong>Gn.</strong></span> <span class='ocrx_word' id='word_1_414' title='bbox 337 2209 360 2236; x_wconf 84' lang='lat'><em>0</em></span> <span class='ocrx_word' id='word_1_415' title='bbox 380 2210 390 2243; x_wconf 86' lang='grc' dir='ltr'><strong>ΙΙ</strong></span> <span class='ocrx_word' id='word_1_416' title='bbox 415 2212 446 2235; x_wconf 88' lang='grc'><strong>16</strong></span> <span class='ocrx_word' id='word_1_417' title='bbox 470 2208 664 2243; x_wconf 84' lang='lat' dir='ltr'><strong>progressibus</strong></span> <span class='ocrx_word' id='word_1_418' title='bbox 683 2208 757 2234; x_wconf 84' lang='lat' dir='ltr'><strong>Lion</strong></span> <span class='ocrx_word' id='word_1_419' title='bbox 780 2209 789 2242; x_wconf 79' lang='lat' dir='ltr'>ss</span> <span class='ocrx_word' id='word_1_420' title='bbox 812 2211 846 2234; x_wconf 81' lang='lat'><strong>22</strong></span> <span class='ocrx_word' id='word_1_421' title='bbox 870 2208 907 2234; x_wconf 86' lang='lat' dir='ltr'><strong>ad</strong></span> <span class='ocrx_word' id='word_1_422' title='bbox 930 2216 953 2235; x_wconf 91' lang='lat' dir='ltr'><strong>v.</strong></span> <span class='ocrx_word' id='word_1_423' title='bbox 974 2211 1025 2235; x_wconf 78' lang='lat'><strong>287</strong></span> <span class='ocrx_word' id='word_1_424' title='bbox 1050 2207 1200 2242; x_wconf 82' lang='lat' dir='ltr'><strong>Imperium</strong></span> <span class='ocrx_word' id='word_1_425' title='bbox 1225 2206 1349 2241; x_wconf 84' lang='lat' dir='ltr'><strong>(Imperi-</strong></span> 
     </span>
     <span class='ocr_line' id='line_1_43' title="bbox 68 2243 1349 2279; baseline -0.002 -9"><span class='ocrx_word' id='word_1_426' title='bbox 68 2243 148 2278; x_wconf 86' lang='lat' dir='ltr'><strong>tium)</strong></span> <span class='ocrx_word' id='word_1_427' title='bbox 167 2245 272 2272; x_wconf 89' lang='lat' dir='ltr'><strong>famam</strong></span> <span class='ocrx_word' id='word_1_428' title='bbox 291 2245 384 2279; x_wconf 66' lang='lat' dir='ltr'><strong>astris!</strong></span> <span class='ocrx_word' id='word_1_429' title='bbox 413 2244 490 2271; x_wconf 87' lang='lat' dir='ltr'><strong>cuius</strong></span> <span class='ocrx_word' id='word_1_430' title='bbox 517 2245 601 2273; x_wconf 83' lang='lat' dir='ltr'><strong>stella</strong></span> <span class='ocrx_word' id='word_1_431' title='bbox 626 2244 687 2270; x_wconf 87' lang='lat' dir='ltr'><strong>uisa</strong></span> <span class='ocrx_word' id='word_1_432' title='bbox 710 2245 752 2270; x_wconf 79' lang='lat' dir='ltr'><strong>cst</strong></span> <span class='ocrx_word' id='word_1_433' title='bbox 778 2243 822 2270; x_wconf 91' lang='lat' dir='ltr'><strong>die</strong></span> <span class='ocrx_word' id='word_1_434' title='bbox 846 2243 938 2270; x_wconf 84' lang='lat' dir='ltr'><strong>medio</strong></span> <span class='ocrx_word' id='word_1_435' title='bbox 958 2243 1090 2278; x_wconf 72' lang='lat' dir='ltr'><strong>(dionisi),</strong></span> <span class='ocrx_word' id='word_1_436' title='bbox 1117 2243 1189 2269; x_wconf 89' lang='lat' dir='ltr'><strong>unde</strong></span> <span class='ocrx_word' id='word_1_437' title='bbox 1217 2244 1259 2269; x_wconf 84' lang='lat' dir='ltr'><strong>est</strong></span> <span class='ocrx_word' id='word_1_438' title='bbox 1286 2250 1349 2268; x_wconf 86' lang='lat' dir='ltr'><strong>ecce</strong></span> 
     </span>
     <span class='ocr_line' id='line_1_44' title="bbox 67 2278 1349 2315; baseline -0.002 -9"><span class='ocrx_word' id='word_1_439' title='bbox 67 2278 186 2307; x_wconf 85' lang='lat' dir='ltr'><strong>Dionaei</strong></span> <span class='ocrx_word' id='word_1_440' title='bbox 207 2279 344 2315; x_wconf 83' lang='lat' dir='ltr'><strong>processit</strong></span> <span class='ocrx_word' id='word_1_441' title='bbox 367 2280 493 2307; x_wconf 83' lang='lat' dir='ltr'><strong>Caesaris</strong></span> <span class='ocrx_word' id='word_1_442' title='bbox 518 2281 631 2307; x_wconf 85' lang='lat' dir='ltr'><strong>astrum.</strong></span> <span class='ocrx_word' id='word_1_443' title='bbox 652 2279 679 2305; x_wconf 88' lang='lat' dir='ltr'><em>P</em></span> <span class='ocrx_word' id='word_1_444' title='bbox 698 2280 707 2313; x_wconf 83' lang='grc' dir='ltr'><strong>ΙΙ</strong></span> <span class='ocrx_word' id='word_1_445' title='bbox 730 2289 821 2305; x_wconf 71' lang='grc' dir='ltr'><strong>Δετιιιε</strong></span> <span class='ocrx_word' id='word_1_446' title='bbox 842 2279 920 2306; x_wconf 88' lang='lat' dir='ltr'><strong>cuius</strong></span> <span class='ocrx_word' id='word_1_447' title='bbox 943 2279 1019 2306; x_wconf 85' lang='lat' dir='ltr'><strong>fama</strong></span> <span class='ocrx_word' id='word_1_448' title='bbox 1042 2288 1130 2313; x_wconf 85' lang='lat' dir='ltr'><strong>usque</strong></span> <span class='ocrx_word' id='word_1_449' title='bbox 1153 2279 1189 2305; x_wconf 86' lang='lat' dir='ltr'><strong>ad</strong></span> <span class='ocrx_word' id='word_1_450' title='bbox 1209 2278 1349 2305; x_wconf 79' lang='lat' dir='ltr'><strong>Oceanum</strong></span> 
     </span>
     <span class='ocr_line' id='line_1_45' title="bbox 69 2313 1348 2350; baseline -0.002 -10"><span class='ocrx_word' id='word_1_451' title='bbox 69 2315 207 2349; x_wconf 76' lang='lat' dir='ltr'><strong>pervenit;</strong></span> <span class='ocrx_word' id='word_1_452' title='bbox 226 2317 276 2342; x_wconf 83' lang='lat' dir='ltr'><strong>aut</strong></span> <span class='ocrx_word' id='word_1_453' title='bbox 293 2316 330 2343; x_wconf 88' lang='lat' dir='ltr'><strong>ad</strong></span> <span class='ocrx_word' id='word_1_454' title='bbox 348 2316 422 2342; x_wconf 85' lang='lat' dir='ltr'><strong>Lion</strong></span> <span class='ocrx_word' id='word_1_455' title='bbox 445 2317 454 2350; x_wconf 80' lang='grc' dir='ltr'><strong>ΙΙ</strong></span> <span class='ocrx_word' id='word_1_456' title='bbox 477 2319 510 2342; x_wconf 78' lang='lat'><strong>23</strong></span> <span class='ocrx_word' id='word_1_457' title='bbox 530 2317 605 2343; x_wconf 82' lang='lat' dir='ltr'><strong>certe</strong></span> <span class='ocrx_word' id='word_1_458' title='bbox 624 2316 668 2341; x_wconf 83' lang='lat' dir='ltr'><strong>est</strong></span> <span class='ocrx_word' id='word_1_459' title='bbox 686 2314 761 2342; x_wconf 81' lang='lat' dir='ltr'><strong>BG*</strong></span> <span class='ocrx_word' id='word_1_460' title='bbox 784 2315 793 2349; x_wconf 85' lang='grc' dir='ltr'><strong>ΙΙ</strong></span> <span class='ocrx_word' id='word_1_461' title='bbox 816 2318 850 2342; x_wconf 76' lang='lat'><strong>26</strong></span> <span class='ocrx_word' id='word_1_462' title='bbox 877 2315 939 2342; x_wconf 78' lang='lat' dir='ltr'><strong>uisa.</strong></span> <span class='ocrx_word' id='word_1_463' title='bbox 957 2316 1000 2342; x_wconf 86' lang='lat' dir='ltr'><strong>est</strong></span> <span class='ocrx_word' id='word_1_464' title='bbox 1018 2323 1089 2349; x_wconf 84' lang='lat' dir='ltr'><strong>quae</strong></span> <span class='ocrx_word' id='word_1_465' title='bbox 1109 2315 1138 2340; x_wconf 88' lang='lat' dir='ltr'><strong>in</strong></span> <span class='ocrx_word' id='word_1_466' title='bbox 1156 2313 1243 2348; x_wconf 79' lang='lat' dir='ltr'><strong>ipsius</strong></span> <span class='ocrx_word' id='word_1_467' title='bbox 1263 2313 1348 2339; x_wconf 90' lang='lat' dir='ltr'><strong>hono-</strong></span> 
     </span>
     <span class='ocr_line' id='line_1_46' title="bbox 70 2348 1348 2385; baseline -0.001 -10"><span class='ocrx_word' id='word_1_468' title='bbox 70 2357 128 2376; x_wconf 87' lang='lat' dir='ltr'><strong>rem</strong></span> <span class='ocrx_word' id='word_1_469' title='bbox 147 2351 310 2385; x_wconf 82' lang='lat' dir='ltr'><strong>apparuisse</strong></span> <span class='ocrx_word' id='word_1_470' title='bbox 329 2351 469 2378; x_wconf 83' lang='lat' dir='ltr'><strong>diceretur</strong></span> <span class='ocrx_word' id='word_1_471' title='bbox 487 2352 579 2378; x_wconf 80' lang='lat' dir='ltr'><em>BMZ.</em></span> <span class='ocrx_word' id='word_1_472' title='bbox 609 2359 679 2385; x_wconf 84' lang='lat' dir='ltr'><strong>quae</strong></span> <span class='ocrx_word' id='word_1_473' title='bbox 701 2372 706 2377; x_wconf 92' lang='lat'><em>.</em></span> <span class='ocrx_word' id='word_1_474' title='bbox 722 2371 728 2377; x_wconf 81' lang='lat'><strong>.</strong></span> <span class='ocrx_word' id='word_1_475' title='bbox 745 2371 750 2377; x_wconf 92' lang='lat'><em>.</em></span> <span class='ocrx_word' id='word_1_476' title='bbox 771 2350 909 2377; x_wconf 85' lang='lat' dir='ltr'><strong>diceretur</strong></span> <span class='ocrx_word' id='word_1_477' title='bbox 923 2351 1034 2385; x_wconf 78' lang='lat' dir='ltr'><strong>primus</strong></span> <span class='ocrx_word' id='word_1_478' title='bbox 1052 2351 1124 2384; x_wconf 74' lang='lat' dir='ltr'><strong>quod</strong></span> <span class='ocrx_word' id='word_1_479' title='bbox 1142 2350 1226 2376; x_wconf 85' lang='lat' dir='ltr'><strong>sciam</strong></span> <span class='ocrx_word' id='word_1_480' title='bbox 1241 2348 1348 2375; x_wconf 74' lang='lat' dir='ltr'><strong>Mosvi-</strong></span> 
     </span>
     <span class='ocr_line' id='line_1_47' title="bbox 69 2385 912 2421; baseline 0 -9"><span class='ocrx_word' id='word_1_481' title='bbox 69 2385 129 2412; x_wconf 79' lang='lat' dir='ltr'><strong>ciue</strong></span> <span class='ocrx_word' id='word_1_482' title='bbox 146 2387 277 2419; x_wconf 78' lang='lat' dir='ltr'><strong>inseruit,</strong></span> <span class='ocrx_word' id='word_1_483' title='bbox 295 2387 479 2414; x_wconf 80' lang='lat' dir='ltr'><strong>Burmannus</strong></span> <span class='ocrx_word' id='word_1_484' title='bbox 497 2388 597 2421; x_wconf 79' lang='lat' dir='ltr'><strong>recepit</strong></span> <span class='ocrx_word' id='word_1_485' title='bbox 616 2387 695 2413; x_wconf 83' lang='lat' dir='ltr'><strong>nalla</strong></span> <span class='ocrx_word' id='word_1_486' title='bbox 713 2389 779 2413; x_wconf 88' lang='lat' dir='ltr'><strong>nota</strong></span> <span class='ocrx_word' id='word_1_487' title='bbox 798 2387 912 2414; x_wconf 82' lang='lat' dir='ltr'><strong>adiecta.</strong></span> 
     </span>
    </p>
   </div>
   <div class='ocr_carea' id='block_1_14' title="bbox 1373 728 1404 752">
    <p class='ocr_par' dir='ltr' id='par_1_18' title="bbox 1373 728 1404 752">
     <span class='ocr_line' id='line_1_48' title="bbox 1373 728 1404 752; baseline -0.032 0"><span class='ocrx_word' id='word_1_488' title='bbox 1373 728 1404 752; x_wconf 94' lang='grc'><strong>10</strong></span> 
     </span>
    </p>
   </div>
   <div class='ocr_carea' id='block_1_15' title="bbox 1374 996 1403 1019">
    <p class='ocr_par' dir='ltr' id='par_1_19' title="bbox 1374 996 1403 1019">
     <span class='ocr_line' id='line_1_49' title="bbox 1374 996 1403 1019; baseline 0.034 -1"><span class='ocrx_word' id='word_1_489' title='bbox 1374 996 1403 1019; x_wconf 85' lang='lat'><strong>15</strong></span> 
     </span>
    </p>
   </div>
   <div class='ocr_carea' id='block_1_16' title="bbox 1370 1264 1403 1286">
    <p class='ocr_par' dir='ltr' id='par_1_20' title="bbox 1370 1264 1403 1286">
     <span class='ocr_line' id='line_1_50' title="bbox 1370 1264 1403 1286; baseline 0 0"><span class='ocrx_word' id='word_1_490' title='bbox 1370 1264 1403 1286; x_wconf 82' lang='lat'><strong>20</strong></span> 
     </span>
    </p>
   </div>
   <div class='ocr_carea' id='block_1_17' title="bbox 1370 1530 1404 1553">
    <p class='ocr_par' dir='ltr' id='par_1_21' title="bbox 1370 1530 1404 1553">
     <span class='ocr_line' id='line_1_51' title="bbox 1370 1530 1404 1553; baseline 0 0"><span class='ocrx_word' id='word_1_491' title='bbox 1370 1530 1404 1553; x_wconf 79' lang='lat'><strong>25</strong></span> 
     </span>
    </p>
   </div>
  </div>
 </body>
</html>
