1630 2684
195 720 226 744 10

196 989 226 1012 15

193 1256 227 1279 20

193 1522 228 1546 25

245 150 289 181 90
822 141 942 169 SERVII

334 233 407 264 240.
444 241 539 264 nvnc
558 240 679 264 nium
703 230 819 263 simius
844 229 949 272 qualis
970 227 1010 259 ab
1030 224 1123 256 initio
1142 222 1219 264 fuit,
1244 223 1281 254 ut
1299 219 1452 253 ostendat
1467 205 1546 252 ω’
1578 207 1625 267 ἶζῗ

246 285 481 328 longitudinem
504 285 661 327 temporis
685 284 838 326 prodesse
861 281 1019 315 Troianis.

335 339 408 370 241.
445 347 555 370 rman
579 349 616 370 ac
640 338 667 370 si
692 337 828 378 diceret,
855 347 920 368 non
945 345 1082 377 regnum
1113 331 1322 374 requirimus,
1351 328 1407 361 sed
1435 326 1535 363 finem

246 392 404 424 laborum.

335 446 409 478 242.
446 458 579 478 Δηνειυοιι
600 446 715 485 pormr]
748 446 835 485 capto
864 442 927 475 Ilio
954 441 1118 474 Menelaus
1149 449 1263 471 memor
1296 448 1327 470 se
1357 439 1386 469 et
1417 435 1530 470 Uli-ven

245 499 385 540 beneficio
412 499 581 531 Antenoris
616 500 764 539 servatos,
801 507 871 529 eum
905 498 1068 542 repetentes
1097 495 1251 527 Hebenam
1287 493 1326 526 ab
1362 502 1395 525 eo
1431 491 1545 524 esame·

244 553 375 593 suseepti
396 563 433 584 ae
451 562 551 593 paene
572 562 593 583 a
616 551 733 583 Paride
755 551 886 591 aliisque
908 549 1068 582 iuvenibus
1090 548 1264 589 interempti
1285 549 1395 588 essent,
1417 554 1528 587 parem

242 606 379 646 qratiam
407 606 533 638 reddens
560 605 742 637 inviolatum
765 604 893 636 dimisit.
938 603 993 644 qui
1024 613 1093 635 cum
1119 612 1214 634 uxore
1239 601 1364 634 Theano
1392 603 1422 633 et
1450 600 1529 642 filiis

245 659 414 691 Helicaone
446 662 474 691 et
501 659 724 700 Polydamante
750 658 911 698 ceterisque
937 657 1027 689 sociis
1058 656 1093 688 in
1120 655 1288 702 illyricum
1314 655 1469 696 pervasa,
1499 655 1531 687 ee

1593 155 1626 186 fc.

1595 193 1602 199 .»
1612 192 1627 203 μ

1598 299 1625 323 1:

1615 405 1630 435 ’ἔ

1622 490 1630 501 ’Δ

1620 517 1630 540 η’

246 713 320 744 bello
343 715 480 753 exceptus
501 712 540 744 ab
563 712 723 753 Euqaneis
745 713 774 743 et
801 721 869 752 reye
897 710 998 742 Veleso
1025 710 1120 741 victor
1145 708 1250 741 urbem
1273 708 1440 741 Patavium
1461 718 1530 742 am-
1581 718 1585 723 ·
1616 699 1622 715 ⁵

245 766 341 804 didit;
369 767 403 799 id
423 766 506 798 enim
529 766 666 806 responsi
687 767 843 806 acceperat
864 774 897 796 eo
921 764 982 796 loco
1005 763 1131 795 condere
1152 763 1303 795 civitatem
1325 773 1384 804 quo
1405 763 1528 806 supinis

245 830 332 852 avem
354 820 492 861 petisset;
522 820 588 851 nico
611 829 648 851 ea:
670 819 737 851 avis
755 817 1029 859 petitaeauspicvh
1051 816 1218 848 Patavium
1241 816 1449 856 nominatum,
1476 817 1528 852 oui

245 874 453 905 aeternitatem
474 885 490 902 ια
510 873 659 904 Helicaon
684 883 722 903 ne
748 873 842 904 victor
869 872 981 903 rediret
1005 870 1111 912 yladio
1132 870 1271 911 peremit.
1361 878 1528 904 Ammon

246 936 373 959 1’0'rvrr
398 938 462 958 non
485 926 554 958 sine
574 937 671 958 eausa
691 924 864 957 Antenoris
887 924 997 966 posuit
1021 923 1217 965 exemplum,
1241 934 1314 955 eum
1337 922 1434 957 multi
1455 934 1528 958 eva·

247 980 349 1013 serint
372 980 587 1012 Troianorum
610 979 804 1021 periculum,
832 980 869 1010 ut
892 977 1000 1019 Capys
1025 977 1079 1019 qui
1104 975 1317 1018 Campaniam
1343 977 1463 1017 tenuit,
1489 979 1528 1011 ut

246 1033 390 1066 Helenus
419 1034 473 1076 qui
501 1032 739 1073 Macedoniam,
771 1034 808 1063 ut
836 1031 892 1063 alii
921 1031 976 1073 qui
1007 1029 1190 1063 Sardiniam
1219 1029 1394 1062 seeundum
1421 1029 1528 1064 Sallu-

247 1087 358 1128 stium3
386 1086 441 1118 sed
465 1088 598 1128 propter
621 1085 695 1127 hoc,
719 1096 758 1117 ne
782 1085 866 1117 forte
889 1084 970 1116 illud
994 1085 1190 1124 occurreret,
1218 1083 1287 1116 iure
1309 1083 1396 1116 huno
1417 1082 1529 1118 vexari

246 1143 414 1182 tamquam
443 1139 641 1181 proditorem
669 1139 803 1181 patriae.
850 1138 951 1180 elegit
983 1147 1060 1179 ergo
1093 1137 1231 1169 similem
1268 1147 1457 1180 personam3
1491 1137 1530 1171 hi

246 1193 331 1225 enim
364 1193 427 1225 duo
456 1192 590 1225 Troiam
618 1192 801 1234 prodidisse
828 1191 980 1223 dicuntur
1007 1189 1181 1222 seeundum
1208 1189 1350 1232 Livium,
1382 1189 1468 1233 quod
1495 1187 1539 1223 et

247 1247 414 1289 Vergilius
443 1257 500 1288 per
528 1246 704 1279 transitum
728 1246 850 1287 tangit,
877 1244 934 1277 ubi
962 1244 1008 1276 ait
1037 1254 1075 1275 se
1103 1254 1253 1285 quoque
1280 1242 1527 1286 principibus

246 1300 481 1342 permixtum
505 1299 669 1341 agnovit
689 1298 863 1340 Achivis,
887 1300 920 1330 et
938 1299 1071 1329 excusat
1084 1295 1241 1329 Horatius
1262 1296 1370 1329 dicens
1394 1297 1530 1330 arden-

246 1356 321 1385 tem
351 1353 433 1385 sine
457 1353 592 1385 fraude
615 1351 784 1392 Troiam,
812 1351 875 1383 hoc
902 1352 952 1382 est
975 1350 1044 1382 sine
1068 1349 1265 1391 proditione:
1293 1360 1376 1392 quae
1399 1350 1529 1393 quidem

247 1406 412 1438 excusatio
435 1417 500 1438 non
523 1407 631 1447 vaeat3
654 1416 749 1437 nemo
774 1404 860 1436 enim
884 1405 1017 1436 excusat
1038 1403 1103 1435 nisi
1127 1414 1194 1435 rem
1218 1403 1350 1445 plenam
1372 1403 1528 1446 suspicio-

246 1461 307 1492 nis.
349 1459 486 1492 Sisenna
518 1462 630 1492 tamen
662 1459 742 1491 dicit
774 1458 881 1490 solum
906 1458 1104 1489 Antenorem
1137 1456 1324 1498 prodidisse.
1371 1468 1468 1500 quem
1499 1457 1530 1491 si

247 1514 386 1546 velimus
419 1513 511 1555 sequi
544 1523 700 1554 augemus
733 1512 930 1553 exemplum:
968 1511 996 1543 si
1028 1513 1145 1553 regnat
1176 1510 1334 1552 proditor,
1367 1521 1424 1543 eur
1454 1510 1529 1554 pius

247 1567 408 1608 vagatur?
433 1567 474 1598 ob
499 1566 560 1598 hoc
584 1567 692 1598 autem
712 1565 853 1598 creditur
869 1564 1000 1597 Graecis
1016 1564 1162 1596 Antenor
1180 1557 1321 1606 patriam
1339 1562 1530 1607 prodidisse,

247 1620 324 1662 quia
350 1620 430 1652 sicut
455 1620 597 1660 superius
623 1620 738 1651 dictum
768 1621 823 1660 est,
855 1621 885 1651 et
914 1620 1021 1651 auctor
1047 1618 1217 1650 reddendae
1245 1617 1382 1650 Helenae
1405 1617 1471 1659 fuit
1496 1619 1532 1650 et

321 1710 352 1734 16
371 1707 523 1734 seeundum
538 1706 714 1742 Sallustium]
735 1706 801 1734 hist.
816 1706 915 1740 fragm.
930 1706 955 1732 11
974 1709 1003 1732 11
1016 1705 1101 1732 Kritz.
1115 1706 1125 1738 11
1139 1705 1181 1740 se]
1196 1705 1228 1731 A.
1244 1705 1256 1731 1
1270 1706 1322 1732 488
1362 1707 1394 1732 1⁹
1403 1704 1515 1733 Livium

248 1744 258 1770 1
275 1746 287 1770 1
303 1744 313 1778 11
327 1746 359 1770 21
376 1742 519 1777 Horatius]
539 1751 623 1770 carm.
642 1751 714 1770 saec.
734 1745 766 1769 41
781 1743 792 1777 11
810 1745 845 1769 24
864 1741 993 1776 Sisenna]
1013 1741 1079 1768 hist.
1094 1741 1174 1768 Rom.
1189 1739 1250 1768 rell.
1265 1747 1320 1767 reo.
1357 1740 1418 1768 ater
1435 1749 1463 1776 p.
1477 1742 1512 1768 2‘1

320 1827 334 1850 1
354 1824 391 1850 ad
409 1832 433 1850 v.
455 1826 507 1850 240
526 1822 644 1858 Eadem]
671 1822 771 1849 similis
791 1843 797 1849 .
813 1844 818 1850 .
835 1843 841 1848 .
861 1821 997 1849 Troianis.
1019 1821 1046 1847 P
1065 1822 1076 1855 11
1098 1824 1114 1847 2
1133 1819 1267 1854 temporis
1285 1827 1336 1847 om.
1357 1819 1530 1856 01³(upp1.

249 1858 293 1892 0⁸)
315 1860 326 1893 11
348 1862 364 1886 5
384 1859 422 1886 ad
439 1868 463 1886 v.
483 1861 534 1885 242
555 1859 680 1885 Antenor
702 1857 808 1893 potuit]
833 1858 915 1891 capto
935 1857 986 1884 nio
1005 1878 1011 1884 .
1032 1878 1038 1884 .
1059 1877 1065 1883 .
1085 1855 1234 1883 Patauium
1253 1855 1421 1890 (petauium)
1441 1855 1538 1885 uoni-

248 1896 353 1922 natum.
391 1894 421 1921 hi
439 1895 534 1921 autem
553 1894 608 1921 duo
628 1893 742 1921 Troiam
762 1915 768 1920 .
789 1915 794 1920 .
815 1915 821 1920 .
842 1892 966 1920 Achiuis.
1003 1892 1127 1919 Antenor
1153 1892 1248 1918 autem
1272 1891 1308 1918 ob
1331 1891 1385 1918 hoe
1408 1890 1532 1919 credibat

247 1930 369 1964 patriam
384 1930 540 1964 prodidisse
554 1929 746 1964 (prodedisse)‚
764 1929 839 1963 quod
858 1930 888 1956 et
904 1929 1003 1955 auctor
1021 1927 1180 1955 reddendae
1193 1926 1317 1954 Helenae
1335 1926 1391 1954 fuit
1407 1926 1438 1954 et

247 1968 292 1992 tos
311 1965 347 1992 ad
362 1966 420 1999 (ab)
435 1966 487 1992 hoe
502 1965 646 1992 uenientes
662 1965 822 1999 susceperat
836 1963 1012 1999 (susciperat)
1026 1965 1056 1990 et
1069 1963 1168 1990 Ulixen
1183 1962 1280 1996 (ulixe)
1295 1959 1418 1990 mendici
1432 1962 1533 1996 htblh!

248 2001 324 2035 apud
343 2001 455 2028 Troiam
475 2001 603 2035 agnitum
627 2009 682 2027 non
706 2000 831 2035 prodidit
849 1999 1008 2034 (prodedit).
1047 1998 1156 2033 Potuit]
1176 1998 1239 2033 plns
1257 1998 1301 2025 ost
1320 2019 1326 2025 .
1345 2018 1352 2025 .
1373 2017 1380 2024 .
1398 2005 1456 2025 non
1472 2005 1532 2026 mo·

248 2036 312 2063 ruit.
350 2036 478 2071 Achiuis]
499 2036 534 2063 ab
554 2036 666 2062 Achaeo
686 2057 691 2062 .
713 2057 719 2062 .
741 2057 746 2062 .
766 2035 843 2062 dicti.
865 2035 892 2061 P
908 2035 918 2069 11
942 2034 1035 2062 olixen
1053 2034 1111 2061 GP
1127 2033 1232 2068 (ulixen
1252 2033 1297 2067 0¹)
1349 2036 1382 2060 10
1401 2031 1532 2063 sumtis
1589 2054 1590 2057 ,
1609 2023 1613 2031 ”

250 2071 305 2098 GP
317 2072 327 2105 11
341 2072 486 2104 petauium
507 2071 584 2105 οΡ11
598 2071 724 2106 conditsls'
743 2071 767 2098 0
782 2071 919 2104 (condidit
938 2070 981 2104 0²)
999 2071 1010 2104 11
1029 2073 1060 2096 11
1079 2069 1122 2105 id]
1141 2069 1151 2096 i
1170 2069 1202 2096 in
1219 2077 1273 2096 ras.
1329 2069 1340 2103 Ι

248 2106 385 2141 (responsi
405 2107 449 2139 0²)
463 2108 473 2141 11
496 2106 641 2133 civitatem
661 2106 695 2133 (J.-
714 2107 811 2133 urbem
833 2106 881 2141 Ρ11
901 2109 932 2132 12
953 2105 1071 2140 petisset
1090 2104 1171 2131 1³0¹.-
1183 2104 1259 2145 Jsſjet
1277 2104 1301 2131 G
1344 2067 1535 2146 ἰξΐρςρΐῦῖ

248 2141 393 2176 petauium
411 2142 486 2176 petis
506 2142 529 2168 0
549 2143 559 2175 11
587 2141 631 2168 cui
651 2142 858 2176 aeternitatem]
883 2142 914 2168 in
931 2141 975 2168 his
992 2141 1080 2168 verbis
1098 2141 1199 2175 desinit
1218 2139 1298 2166 Casae
1319 2148 1369 2166 am

248 2195 352 2222 tertius.
382 2197 445 2229 post
464 2194 660 2222 aeternitatem
679 2195 807 2221 lacunam
822 2195 952 2222 indicavi.
966 2195 977 2229 11
992 2196 1025 2220 14
1038 2193 1154 2228 ponitB
1167 2194 1177 2227 11
1190 2192 1274 2220 multi
1287 2200 1337 2219 om.
1349 2191 1381 2219 K
1390 2192 1402 2227 Ι
1416 2194 1449 2219 1⁶
1462 2191 1532 2220 Tro-

248 2231 376 2258 ianorum
394 2238 443 2257 om.
463 2230 515 2264 Bu
532 2230 673 2257 troianum
691 2230 798 2256 bellum
818 2231 855 2256 M
871 2231 881 2264 11
901 2233 933 2257 16
953 2230 986 2256 ut
1003 2229 1126 2256 Helenus
1144 2250 1150 2255 .
1170 2250 1176 2255 .
1197 2249 1203 2254 .
1224 2226 1395 2263 Sardiniam]
1414 2227 1532 2255 helenus

248 2265 441 2293 macedoniam
459 2265 509 2292 alii
528 2265 679 2292 sardiniam
698 2265 726 2291 Β
739 2266 749 2299 11
762 2265 956 2292 macedoniam
975 2264 1067 2292 tenuit
1085 2263 1158 2290 ΚΜ
1173 2264 1184 2298 11
1203 2266 1236 2290 17
1255 2263 1434 2290 hoeeurreret
1451 2263 1532 2298 peret

248 2302 281 2329 K
297 2303 307 2336 u
324 2305 359 2328 20
377 2301 427 2328 ubi
445 2300 486 2328 ait
504 2301 587 2327 BM:
606 2302 638 2327 ut
656 2301 689 2327 K
713 2298 782 2327 aubi
801 2301 848 2327 ubi
868 2301 909 2328 ait
926 2302 959 2333 ῃ
978 2301 1003 2326 L
1029 2301 1061 2326 ut
1078 2299 1127 2326 ubi
1145 2299 1186 2326 ait
1204 2299 1236 2325 ut
1254 2298 1312 2333 Ηιι
1329 2301 1363 2325 22
1382 2297 1457 2325 troia
1473 2297 1508 2325 Κ
1522 2298 1531 2334 ss

249 2341 283 2364 23
302 2337 415 2377 plenam
436 2357 442 2362 .
458 2358 464 2364 .
479 2357 485 2363 .
506 2337 676 2363 Antenorem
695 2344 745 2364 om.
761 2336 793 2362 K
803 2337 813 2370 11
827 2336 990 2371 suspitionis
1003 2335 1078 2362 HM
1088 2336 1099 2369 11
1113 2338 1148 2361 24
1166 2333 1292 2369 prodisse
1310 2333 1342 2360 K
1351 2334 1362 2368 fl
1375 2332 1531 2368 prodidisse
1580 2335 1608 2370 ἵ,

250 2373 363 2401 Troiam
381 2372 478 2407 Lionfl
497 2375 530 2399 27
550 2371 605 2399 fuit
622 2380 671 2399 om.
693 2371 717 2399 Ο
