1630 2684
465 166 579 195 coma.
597 167 638 194 ΙΝ
655 167 763 195 veae.
781 167 866 195 AEN.
886 169 920 195 11.
941 171 1088 196 149—157.
1151 158 1153 161 ⁴
1354 169 1420 202 245
1445 162 1449 164 ’

138 250 317 283 exsecratio
332 251 440 283 autem
455 251 505 282 est
519 249 728 282 adversorum
748 249 947 292 deprecatio,
966 250 1191 284 iusiurandum
1210 263 1286 284 vero
1306 255 1419 294 optare

137 314 302 346 prospera.
389 316 450 336 Νοιν
472 303 626 336 mmmm
648 304 730 344 quod
747 304 851 345 yraeei
874 301 1054 346 ἄφθαρτον
1078 306 1191 337 dieunt.

229 357 300 390 155.
336 365 472 390 TESTOR
495 356 590 389 modo
615 357 700 398 iuro,
728 357 808 389 alibi
836 357 1007 399 testificor,
1036 360 1072 390 ut
1095 359 1203 400 <432>
1227 361 1353 392 testor
1381 360 1420 392 in

138 422 275 444 occasu
305 412 445 444 vestro.
544 419 706 443 VESTRVM
736 420 860 443 NVMEN
890 411 967 453 quia
998 412 1173 444 secundum
1206 413 1419 454 philosophos

137 465 286 498 dicuntur
309 464 417 496 sidera
440 464 600 496 elementa
623 475 707 507 esse,
739 464 794 497 sed
823 465 944 497 habere
967 465 1114 507 proprias
1138 468 1329 507 potestates.
1439 473 1454 497 5

135 527 313 557 ENSESQVE
336 526 496 550 NEFANDI
518 518 675 550 invidiose
699 518 739 551 ad
762 518 923 560 pluralem
947 519 1068 551 transit
1090 529 1273 562 numerum,
1302 522 1339 552 ut
1361 520 1420 552 Te-

25 570 53 588 ³‘
86 583 107 591 ··
135 573 259 605 rentius
282 573 362 605 non'
380 571 533 614 perpeti
557 571 802 603 meretricum
826 572 1094 604 contumelias.

227 625 299 658 156.
337 634 536 664 VITTAEQVE
561 634 661 657 DEVM
691 631 746 657 aut
770 636 852 667 quae
880 625 1101 658 habentur·in
1129 626 1253 658 honore
1277 627 1419 669 deorum,

136 682 193 712 aut
221 690 302 722 quas
329 679 452 711 habent
480 679 552 721 ipsa
580 678 763 711 simulacra.
859 691 1020 715 VITTAEQVE
1043 680 1098 720 [et]
1122 681 1213 712 multi
1239 681 1288 712 hio
1310 682 1419 713 distin-

131 736 234 776 ymmt
264 736 293 766 et
323 734 367 765 sie
398 724 588 774 subiunyunt
615 732 720 764 ‘deum
747 743 827 773 quas
853 732 954 765 hostia
978 732 1083 774 yessi’.
1128 735 1308 766 consuetudo
1336 736 1422 775 apud
1440 741 1473 765 10

135 788 279 833 antiquos
303 787 379 829 fuit,
408 790 444 819 ut
469 787 524 828 qui
551 788 585 819 in
610 787 770 827 familiam
797 787 843 818 vel
862 789 981 828 yentem
1005 788 1152 819 transiret
1166 788 1260 828 prius
1283 798 1314 820 se
1335 789 1420 821 abdi-

136 843 219 874 caret
239 841 278 873 ab
301 851 348 882 ea,
372 841 407 873 in
430 851 492 881 qua
513 841 629 882 fuerat,
657 843 685 872 et
707 841 751 872 sic
773 841 811 873 ab
834 841 901 873 alia
923 841 1122 882 reciperetur:
1149 842 1231 882 quod
1251 841 1301 873 hic
1324 844 1420 874 osten-

135 895 199 934 dit;
227 895 302 927 dicit
322 895 404 927 enim
428 894 539 934 Sinon,
564 895 631 926 iure
653 895 719 926 iam
741 904 772 926 se
797 894 1005 939 Troianorum
1027 895 1120 927 civem
1143 894 1315 936 essequa
1337 897 1422 936 apud

136 947 269 981 Graecos
286 948 388 980 hostia
409 949 518 989 fuerit,
541 949 615 980 adeo
633 958 687 980 nec
703 959 764 989 pro
782 948 917 990 homine,
940 959 993 980 nec
1011 959 1070 989 pro
1089 949 1151 981 eive
1168 949 1291 981 habitus
1307 950 1357 981 sit.

134 1010 233 1035 GEssl
256 1013 358 1044 paene
378 1003 479 1044 gessi3
502 1013 568 1033 non
587 1001 674 1033 enim
693 1012 767 1033 vere
787 1003 948 1043 gesserat,
972 1002 1027 1034 sed
1046 1004 1203 1043 quantum
1223 1003 1263 1034 ad
1279 1002 1419 1035 Graecos
1440 1009 1473 1032 15

133 1055 288 1098 pertinet,
315 1056 370 1096 qui
397 1066 467 1087 eum
493 1055 687 1087 immolaturi
712 1055 853 1096 fuerant,
881 1055 968 1087 dicit.
1032 1048 1040 1059 ’
1064 1069 1168 1088 Hosrm
1191 1067 1263 1088 uero
1286 1057 1419 1088 victima·

134 1111 163 1142 et
184 1110 267 1142 dicta
289 1110 371 1150 quod
391 1110 439 1142 dii
455 1119 514 1150 per
537 1109 626 1141 illam
649 1108 836 1150 hostiantur,
859 1109 894 1140 id
915 1111 959 1140 est
980 1110 1071 1150 aequi
1093 1112 1121 1141 et
1137 1110 1271 1150 propitii
1288 1111 1419 1142 reddan-

135 1166 200 1203 tur,
223 1164 305 1196 unde
326 1163 544 1196 hostimentum
566 1163 786 1203 aequationem.

187 1227 193 1231 ”
226 1217 298 1249 157.
331 1226 395 1250 FAS
414 1225 493 1249 MIHI
516 1216 671 1248 subaudis
696 1215 773 1248 ‘sinz
815 1218 848 1248 et
863 1211 953 1248 'bene
978 1228 996 1248 a
1020 1216 1081 1248 diis
1105 1217 1190 1258 petit
1214 1217 1355 1258 veniam,
1379 1229 1419 1249 ne

135 1271 281 1303 videatur
303 1270 572 1313 proditorynam
596 1271 630 1301 et
652 1269 838 1311 haecquae
863 1270 1006 1301 dicturus
1031 1271 1081 1302 est
1104 1270 1220 1311 tacuit,
1245 1272 1419 1312 antequam
1439 1277 1472 1300 20

136 1323 264 1357 audiret
288 1324 415 1356 ‘noster
439 1312 532 1366 eris}
562 1324 590 1355 si
618 1323 704 1355 enim
727 1323 895 1355 voluntate
923 1323 1087 1365 proderet,
1116 1323 1312 1365 sequebatur
1335 1325 1419 1366 quod

95 1397 100 1401 ·
136 1378 184 1411 ait
198 1377 311 1410 Cicero
331 1389 439 1410 nemo
458 1388 635 1419 umquam
659 1377 815 1418 sapiens
839 1376 1036 1418 proditori
1061 1370 1286 1409 eredendum
1309 1380 1420 1418 puta-

125 1431 201 1463 vit.
244 1434 301 1463 aut
323 1430 385 1471 ‘fas
408 1430 501 1463 mihi'
525 1431 604 1472 ideo,
627 1431 702 1471 quia
724 1441 787 1462 non
812 1431 880 1462 licet
901 1431 1014 1463 solvere
1035 1434 1262 1464 sacramentum
1285 1431 1421 1463 militare

135 1485 323 1518 adversariis
345 1485 390 1517 vel
406 1484 562 1523 ·hostibus‚·
585 1485 652 1516 ideo
675 1484 756 1516 davit
779 1483 880 1516 ‘liceat
897 1495 1014 1516 areana
1032 1484 1153 1517 dieere'.
1186 1488 1300 1517 etcum
1323 1488 1419 1518 osten-

135 1539 227 1580 derit,
254 1549 285 1571 se
307 1549 371 1571 rem
394 1539 491 1571 dicere
512 1549 606 1579 quam
628 1548 691 1569 non
715 1537 795 1579 licet,
822 1538 851 1569 ei
875 1538 1003 1577 facilius
1026 1540 1169 1571 credetur.
1261 1547 1418 1571 SACRATA
1438 1544 1472 1567 25

135 1601 341 1625 RESOLVERE
373 1601 457 1624 IVRA
490 1591 615 1623 scilicet
647 1592 684 1622 ut
715 1601 781 1622 non
814 1590 937 1622 incidat
968 1591 1003 1623 in
1036 1592 1231 1625 sacramenti
1264 1603 1419 1633 poenam:

135 1656 211 1678 nam
233 1646 320 1678 miles
343 1646 457 1688 leyibus
479 1646 740 1677 sacramentorum
762 1644 940 1685 royabatusr,
964 1648 1000 1677 ut
1017 1646 1120 1678 exiens
1138 1647 1181 1677 ad
1202 1646 1313 1677 bellum
1332 1647 1419 1678 iura-

209 1747 223 1769 1
248 1743 388 1770 execratio
415 1764 421 1770 .
441 1762 448 1769 .
469 1765 474 1770 .
498 1742 645 1777 prospera]
669 1741 703 1768 cf.
723 1741 787 1769 Isid.
808 1741 864 1768 diff.
885 1742 961 1768 verb.
982 1745 1034 1768 202
1057 1743 1067 1777 [Ι
1090 1745 1105 1768 3
1125 1742 1224 1769 Testor
1242 1743 1325 1769 modo
1344 1743 1417 1778 iuro]

136 1779 170 1806 cf.
190 1779 254 1806 laid.
273 1778 330 1807 diff.
350 1778 425 1805 verb.
446 1781 496 1805 561
516 1780 526 1812 ss
545 1782 560 1805 6
580 1777 739 1812 Terentius]
760 1785 821 1803 eun.
841 1777 853 1803 I
874 1780 898 1811 1,
918 1781 933 1804 3
952 1779 961 1811 ΙΙ
982 1781 1014 1804 16
1032 1778 1133 1804 Hostia
1151 1786 1218 1805 vero
1238 1800 1243 1805 .
1265 1799 1270 1804 .
1292 1798 1297 1803 .
1318 1787 1418 1812 aequa-

136 1814 253 1849 tionem]
274 1814 308 1842 cf.
323 1814 395 1841 Non.
414 1823 441 1847 p.
457 1817 473 1840 3
489 1813 525 1841 M.
545 1815 575 1840 et
588 1813 666 1840 Paul.
681 1813 758 1839 Festi
778 1821 797 1839 s.
817 1822 842 1839 v.
862 1813 955 1840 hostia
973 1815 1003 1840 et
1021 1813 1222 1840 hostimentum
1236 1814 1246 1848 ΙΙ
1260 1816 1293 1840 22
1309 1813 1417 1849 Cicero]

136 1849 166 1877 in
184 1850 262 1877 Verr.
281 1851 335 1877 act.
355 1850 388 1876 11.
408 1849 456 1876 lib.
475 1850 488 1876 1
508 1852 550 1884 15,
570 1852 604 1876 38

209 1943 223 1967 1
243 1940 338 1967 autem
357 1947 399 1966 om
418 1939 443 1965 L
462 1939 538 1972 (add.
553 1938 572 1972 1)
587 1939 596 1972 ΙΙ
611 1941 625 1964 2
646 1934 798 1971 ἄφθαρτον
818 1936 915 1964 dicunt
934 1937 1103 1964 Masvieius:
1122 1934 1269 1971 οῗφέαρτον
1288 1937 1419 1965 dicuntur

138 1976 182 2010 Gn
195 1979 212 2002 3
230 1976 268 2003 ad
281 1984 305 2002 v.
323 1978 373 2001 155
393 1974 504 2009 Testor]
524 1974 607 2000 modo
626 1973 686 1999 iuro
707 1994 712 1999 .
729 1994 735 1999 .
752 1995 757 2000 .
777 1972 904 2007 proprias
924 1973 1084 2006 potestates.
1101 1973 1178 2007 P115
1198 1973 1258 2008 sed]
1279 1975 1307 2000 et
1328 1974 1396 2001 ΡΟ*
1411 1975 1419 2009 η

137 2014 153 2038 6
171 2010 286 2038 transiit
305 2011 343 2038 M
358 2011 368 2045 11
390 2014 404 2037 7
425 2009 601 2036 merrtricum
620 2009 653 2035 Η
668 2009 678 2043 ΙΙ
698 2011 714 2035 8
734 2009 771 2035 ad
788 2017 812 2034 v.
835 2011 884 2035 156
904 2008 1012 2043 Vittae]
1033 2007 1151 2034 dicimus
1171 2017 1240 2042 quas
1260 2009 1366 2036 habent
1384 2010 1418 2036 si·

135 2047 261 2074 mulsei-a
279 2046 458 2080 (simulacre).
495 2045 596 2072 Hostia
613 2044 720 2079 (ostia)]
741 2052 808 2071 uero
827 2043 956 2078 uictima,
979 2045 1007 2070 et
1026 2043 1102 2070 dicta
1120 2044 1194 2078 quod
1213 2044 1253 2071 dii
1272 2053 1321 2079 per
1338 2045 1417 2072 illam

137 2082 296 2110 hostiantur
314 2082 473 2116 (ostientur)
494 2103 499 2108 .
516 2103 521 2108 .
538 2101 543 2107 .
563 2080 766 2114 aequationem.
803 2079 882 2106 Gessi
902 2079 995 2114 (gesi)]
1017 2100 1022 2106 .
1039 2101 1044 2106 .
1062 2100 1067 2105 .
1088 2081 1224 2113 quantum
1243 2080 1279 2106 ad
1298 2080 1418 2108 Graecos

137 2118 238 2153 (g‘fem)
261 2118 384 2152 pertinet
407 2117 588 2151 (pertineret).
614 2116 641 2142 P
659 2116 669 2149 11
696 2116 746 2142 aut
768 2114 817 2149 qui
836 2114 860 2142 0
879 2115 889 2149 ΙΙ
915 2115 1021 2142 honore
1042 2115 1142 2142 OLE:
1167 2116 1300 2143 honorem
1319 2116 1351 2142 Η
1357 2117 1394 2143 M
1410 2117 1418 2152 ¹1

138 2157 155 2181 9
174 2153 332 2188 distingunt
347 2153 370 2180 Ο
381 2154 391 2187 l}
407 2156 439 2179 10
458 2160 528 2186 quos
545 2151 568 2179 Ο
579 2152 588 2186 ΙΙ
604 2155 637 2178 14
656 2151 739 2186 adeo]
759 2153 843 2185 atque
863 2150 932 2178 adeo
953 2151 1117 2178 Masvicius.
1140 2151 1255 2184 fortasse
1273 2151 1392 2186 ideoque
1417 2181 1418 2185 ,

140 2192 172 2216 15
191 2190 263 2216 bene
282 2189 319 2215 M
336 2190 417 2223 (pene
437 2190 474 2223 m)
488 2189 497 2223 ΙΙ
511 2196 579 2214 uera
597 2187 661 2213 LH
677 2187 752 2220 (uere
772 2187 791 2219 l)
809 2187 818 2220 [Ι
840 2189 873 2214 16
892 2186 1045 2221 pertineret
1064 2186 1088 2213 0
1098 2187 1108 2222 ΙΙ
1127 2186 1198 2213 dixit
1218 2186 1242 2214 0
1252 2188 1261 2221 ΙΙ
1281 2190 1312 2214 17
1332 2188 1418 2214 hosti-

138 2226 220 2252 antur
241 2225 431 2251 Burmannus.
465 2225 499 2257 cf.
519 2223 644 2250 Nonius:
670 2222 808 2249 ostientur
827 2221 866 2249 0*
887 2223 897 2256 ΙΙ
921 2224 953 2248 18
978 2222 1108 2256 aequatio
1128 2223 1169 2249 est
1187 2222 1223 2250 F.
1244 2223 1393 2250 Schoellius
1411 2224 1419 2257 'j

141 2263 173 2287 19
192 2261 229 2288 ad
246 2269 271 2287 v.
292 2263 341 2287 157
362 2260 424 2287 Fas.
459 2259 587 2294 Sacrata]
608 2259 640 2285 ut
658 2267 714 2285 non
730 2257 838 2284 incidat
860 2257 888 2284 in
907 2258 1076 2285 sacramenti
1098 2266 1230 2292 poenam;
1255 2267 1319 2285 nam
1338 2258 1419 2285 miles

139 2296 249 2330 legibus
263 2296 402 2330 (legimus)
417 2296 655 2322 sacramentorum
669 2293 834 2328 rogabatur,
848 2294 881 2320 ut
895 2293 988 2320 exiens
1002 2294 1039 2320 ad
1052 2294 1158 2321 bellum
1172 2294 1289 2328 iuraret,
1305 2303 1333 2320 se
1348 2293 1419 2320 nihil

141 2332 182 2364 (et
194 2332 227 2358 ut
237 2331 318 2365 nihil)
338 2332 436 2358 contra
454 2340 512 2358 rem
530 2330 673 2365 publicam
692 2329 839 2356 facturum.
859 2329 906 2363 Pu
920 2329 968 2364 sit]
988 2329 1043 2362 sit}
1062 2330 1104 2356 est
1118 2329 1143 2355 L
1163 2330 1185 2363 (t
1203 2330 1310 2356 videtur
1323 2330 1417 2356 deleta.

139 2367 196 2400 fuit
213 2368 327 2400 fortasse
345 2365 382 2393 sit
400 2366 446 2393 uel
466 2367 518 2400 est)
538 2366 587 2393 sed
605 2366 639 2392 H
653 2366 663 2399 ΙΙ
682 2365 725 2391 dis
746 2365 779 2391 H
793 2365 803 2399 ΙΙ
822 2368 854 2391 21
875 2364 898 2391 si
917 2365 991 2391 enim
1011 2386 1017 2391 .
1034 2387 1039 2392 .
1056 2386 1061 2391 .
1081 2373 1215 2399 umquam
1233 2373 1283 2392 om.
1298 2365 1324 2391 L
1343 2365 1417 2399 (add.

139 2403 171 2430 in
185 2410 270 2437 mary.
290 2403 309 2437 l)
323 2403 333 2436 ΙΙ
346 2403 506 2436 sequeretur
521 2402 531 2429 l
543 2403 553 2436 ΙΙ
567 2405 601 2428 24
620 2401 660 2436 et]
681 2402 713 2428 ut
733 2401 888 2427 Masvicius
901 2401 911 2435 ΙΙ
925 2403 958 2427 25
979 2401 1136 2428 crederetur
1157 2401 1312 2427 Maevieius
