1630 2684
451 114 564 143 COMM.
584 114 624 141 IN
642 113 751 141 VERG.
770 113 854 140 AEN.
874 114 893 141 I.
915 117 1062 142 185—191.
1355 115 1396 146 75

115 195 240 237 divisse,
273 207 343 228 cum
369 199 511 228 ammenta
536 196 666 236 proprie
693 195 782 228 boum
813 196 877 227 sint
903 196 949 227 vel
981 207 1126 236 equorum
1157 197 1202 229 vel
1232 199 1396 229 ceterorum

115 249 225 290 qmbus
247 251 282 282 in
305 250 403 282 wrmis
424 250 551 281 utimur.

207 304 279 336 186.
310 311 434 335 AGMEN
463 313 579 345 agmen
602 303 733 345 proprie
757 302 874 336 dicitur
903 304 1052 336 ordinata
1076 302 1264 346 multitudo,
1288 307 1324 336 ut
1348 303 1397 336 est

116 356 313 390 ambulantis
333 357 508 395 exercitus;
532 369 637 400 neque
661 358 747 390 enim
771 358 803 389 in
827 369 890 389 uno
911 358 981 389 loeo
1001 360 1092 390 stans
1117 368 1234 399 agmen
1253 360 1396 396 vocatur,

117 413 174 443 aut
197 411 226 443 si
249 400 415 443 inventum
439 411 538 443 fuerit
561 413 752 452 usurpatum
778 413 840 443 est:
866 411 949 443 unde
975 411 1055 443 bene
1080 411 1198 443 adiecit
1222 411 1398 453 ‘longumss

116 466 154 497 ut
175 464 381 497 incedentum
405 465 591 498 ostenderet
615 465 896 507 significationem.

208 518 279 550 187.
313 527 499 551 CONSTITIT
525 518 608 551 ‘con'
629 519 803 551 seeundum
823 521 974 551 naturam
996 520 1101 551 brevis
1121 523 1171 552 est
1190 531 1324 562 semper,
1348 532 1398 552 ex-

115 573 209 613 cepto
234 583 334 614 quum
358 584 372 604 s
396 572 507 604 littera
530 573 582 604 vel
605 573 622 604 f
642 572 803 614 sequitur3
834 574 911 605 tune
936 573 1022 604 enim
1050 575 1177 605 tantum
1202 574 1399 615 producitur,

116 625 200 658 sicut
223 625 289 658 ‘in’
314 626 456 668 syllaba,
480 628 518 658 ut
536 626 658 667 insula,
682 626 795 658 infula.
885 626 962 659 *mc
980 637 1040 667 pro
1065 629 1144 666 tunc,
1168 629 1224 659 aut
1239 638 1300 668 pro
1324 625 1399 660 ibai*

201 692 330 712 orzi-:urs
346 682 447 720 potest
468 682 497 711 et
512 690 573 720 pro
596 680 729 712 celeriter
752 681 859 720 accipi.

207 733 278 765 188.
312 741 501 766 OORRIPVIT
535 735 592 766 aut
625 734 663 765 de
694 734 848 775 pharetra
881 735 1051 776 corripuit,
1084 737 1120 767 ut
1153 737 1203 767 est
1235 735 1400 777 corripit

114 786 177 819 hic
201 787 333 819 subita
356 787 537 829 trepidus
562 787 770 820 formidine
794 788 950 830 ferrum7
975 791 1030 820 aut
1049 789 1088 821 ab
1104 788 1243 830 Achate,
1266 790 1303 820 ut
1328 800 1399 820 eum

116 842 262 873 secutum
285 852 355 873 esse
378 852 437 883 per
460 841 626 874 silentium
645 842 888 883 intellegamus,
909 843 944 874 ut
962 842 1019 874 illo
1040 843 1111 874 loco
1132 843 1170 874 ni
1194 842 1268 879 iam
1292 853 1401 884 prae·

115 894 256 927 missus
280 894 451 927 Achates
476 896 644 936 adforet,
673 895 752 927 item
782 906 879 927 nune
909 898 1058 938 repeto,
1082 896 1272 928 Anchises
1300 897 1398 929 fato-

114 960 196 980 rum
229 960 370 981 arcana
402 949 578 991 reliquit.
629 950 713 981 *aut
745 949 933 990 ‘corripuitss
966 953 1002 982 ut
1032 961 1188 982 cervorum
1219 951 1399 983 celeritatem

108 1003 332 1044 praecvsperet.*
424 1012 587 1035 GEREBAT
613 1005 669 1035 aut
693 1005 783 1045 tunc,
807 1005 864 1035 aut
887 1015 968 1045 quae
992 1014 1104 1046 gerere
1129 1006 1350 1037 consueverat.

205 1057 277 1088 190.
310 1066 482 1089 connlnvs
510 1066 682 1089 Annonms
710 1059 767 1089 aut
793 1057 931 1088 subaudi
955 1057 1069 1098 ‘cum'‚
1098 1059 1135 1089 ut
1165 1058 1223 1089 illo
1248 1058 1320 1090 loco
1345 1060 1400 1090 at-

116 1121 187 1152 que
209 1110 356 1142 Ixionii
380 1114 494 1143 vento
519 1113 606 1143 rota
630 1111 815 1143 constitit
839 1110 958 1151 orbis,
983 1110 1015 1142 id
1040 1112 1089 1142 est
1113 1118 1185 1142 eum
1209 1114 1321 1152 vent03
1345 1114 1402 1144 aut

116 1166 203 1196 certe
232 1164 406 1196 secundum
435 1176 534 1206 supra
559 1165 682 1196 dietam
706 1165 843 1206 figuram
873 1162 1041 1196 ‘cornibus
1067 1164 1226 1196 arboreis'
1251 1176 1308 1206 pro
1333 1176 1400 1197 eor-

117 1229 216 1250 nuum
241 1218 460 1250 arboreorum.
506 1218 620 1250 melius
646 1221 755 1250 tamen
780 1220 829 1249 est
857 1219 894 1249 ut
919 1217 1023 1249 ‘eum'
1049 1217 1232 1250 subaudias.
1329 1228 1400 1250 TVM

115 1280 254 1304 vvnevs
279 1272 360 1304 bene
385 1271 536 1313 ‘vulgus'
561 1272 751 1303 ductoribus
775 1271 990 1313 interemptis.
1027 1272 1155 1303 Ennius
1177 1273 1300 1304 avium
1323 1273 1400 1304 vul-

112 1335 181 1366 qus
203 1327 232 1357 et
253 1325 330 1357 azan·
351 1325 558 1364 hastarum,
582 1326 617 1358 id
638 1328 682 1357 est
703 1325 931 1357 multitudinem
954 1325 1116 1358 hastarum
1138 1328 1166 1357 et
1187 1326 1300 1358 avium.

207 1379 278 1411 191.
320 1388 447 1412 MISCET
480 1378 664 1421 perturbat,
703 1379 908 1420 circumagit,
946 1379 1135 1421 insequitur.
1235 1389 1400 1411 FRONDEA

116 1442 175 1474 pro
202 1432 357 1465 frondosa
385 1433 503 1475 posuit.
556 1434 744 1475 plerumque
774 1433 859 1465 enim
889 1433 965 1465 dum
993 1433 1146 1465 varietati
1175 1433 1401 1465 declinationis

118 1486 250 1518 student
277 1488 392 1528 poetae
416 1489 547 1518 mutant
570 1487 817 1529 proprietatem3
848 1498 924 1518 nam
952 1486 1122 1518 frondeum
1151 1488 1200 1518 est
1228 1488 1334 1519 totum
1363 1486 1401 1518 de

189 1586 204 1610 3
224 1591 326 1618 agmen
344 1584 455 1618 proprie
476 1593 498 1611 e
515 1594 541 1618 q.
558 1585 590 1617 s]
611 1584 644 1611 ef.
665 1583 729 1611 Isid.
750 1592 788 1610 or.
808 1583 846 1610 IX
867 1588 891 1615 3,
911 1587 944 1610 64
969 1584 978 1617 11
1002 1587 1016 1610 7
1044 1592 1096 1610 con
1115 1584 1267 1610 secundum
1287 1592 1309 1610 e.
1325 1593 1378 1617 (1.3
1366 1584 1399 1625 s]

118 1618 152 1645 cf.
172 1618 247 1647 Serv.
283 1619 385 1654 Sergii]
407 1628 506 1647 comm.
526 1620 555 1646 in
574 1620 643 1646 Don.
664 1629 689 1654 p.
711 1622 771 1651 442,
791 1622 825 1646 28
845 1619 876 1646 K
892 1620 901 1653 11
919 1622 949 1645 11
971 1619 1097 1654 corripit]
1118 1619 1149 1646 A.
1170 1619 1208 1646 VI
1229 1620 1352 1653 2901113
1372 1619 1401 1646 ni

117 1654 186 1689 iam]
216 1655 248 1682 A.
301 1655 312 1681 1
335 1659 370 1682 34
392 1656 402 1689 11
428 1658 460 1681 14
483 1664 555 1682 nunc
579 1656 688 1690 repeto]
712 1656 743 1681 A
767 1655 820 1681 VIl
846 1658 895 1681 123
919 1656 928 1688 ΙΙ
953 1658 983 1681 17
1014 1655 1110 1689 atque]
1135 1663 1229 1689 georg.
1254 1656 1291 1681 IV
1318 1658 1369 1681 484
1393 1663 1394 1669 ’

117 1693 150 1716 21
170 1690 288 1725 Ennius]
309 1691 342 1718 ef.
363 1691 425 1718 adn.
446 1691 507 1718 crit.
522 1692 531 1725 11
546 1695 579 1718 25
599 1700 664 1717 nam
683 1691 828 1717 frondeum
849 1699 869 1717 e.
887 1700 913 1724 q.
930 1691 963 1725 s.]
987 1699 1072 1717 exscr.
1094 1691 1156 1717 Isid.
1177 1691 1233 1717 diff.
1254 1691 1328 1717 verb.
1349 1694 1399 1717 223

191 1783 205 1807 1
226 1781 400 1814 aerenta
420 1780 443 1807 Ο
462 1781 472 1814 11
495 1780 707 1810 Gjncedentem
728 1780 751 1807 Ο
768 1780 955 1813 (incedentum
976 1779 1024 1813 0²)
1039 1780 1049 1813 11
1064 1783 1078 1806 7
1099 1780 1135 1806 acl
1153 1789 1176 1807 υ.
1199 1783 1248 1807 187
1269 1779 1402 1807 Constitit

119 1816 178 1851 hie]
197 1824 248 1850 pro
267 1819 334 1843 tune
353 1817 403 1843 aut
420 1824 470 1850 pro
490 1816 538 1844 ibi.
565 1817 592 1842 P
613 1818 622 1851 11
646 1826 781 1842 coxsrrrrr
803 1826 848 1842 1110
872 1824 923 1850 pro
946 1816 1014 1842 tunc
1038 1816 1087 1842 aut
1105 1824 1156 1849 pro
1175 1815 1216 1842 ibi
1235 1817 1263 1842 et
1281 1824 1335 1842 oon
1354 1815 1377 1843 G
1393 1817 1402 1850 11

120 1855 135 1878 9
155 1852 228 1878 siout
247 1874 253 1880 .
270 1873 275 1879 .
292 1873 297 1879 .
317 1852 419 1886 infula]
444 1853 476 1878 ut
495 1853 538 1878 est
555 1852 647 1879 insula
670 1852 759 1878 infula
783 1852 809 1877 B
839 1851 922 1883 (sicut
940 1850 970 1877 in
989 1851 1090 1878 sillaba
1109 1859 1241 1885 superser.
1267 1852 1324 1878 ead.
1344 1860 1400 1877 ma-

118 1890 183 1921 nus)
202 1887 274 1915 sicut
291 1888 384 1914 insula
402 1887 491 1914 infula
511 1887 534 1914 Ο
551 1888 590 1920 'rin
610 1887 710 1914 sillaba
729 1889 760 1914 ut
779 1888 822 1914 est
841 1887 903 1914 add.
925 1886 969 1920 0³)
992 1887 1001 1920 11
1022 1886 1064 1921 ut]
1086 1887 1118 1913 ut
1136 1888 1178 1914 est
1197 1887 1234 1912 M
1238 1887 1248 1913 l
1267 1887 1276 1920 11
1297 1890 1328 1913 12
1348 1886 1400 1913 fer-

119 1932 188 1949 rum.
213 1924 262 1950 aut
276 1923 411 1958 corripuit
425 1924 457 1949 ut
471 1931 618 1950 ceruorum
634 1923 807 1950 celeritatem
822 1922 1004 1957 praeciperet.
1029 1923 1079 1948 aut
1093 1922 1228 1956 corripuit
1242 1922 1278 1949 ab
1293 1922 1400 1949 achate.

120 1959 150 1985 et
168 1967 223 1992 quo
242 1959 325 1986 modo
345 1959 381 1986 ab
400 1959 500 1985 achate
520 1968 603 1992 quem
623 1959 698 1992 apud
716 1959 810 1992 ignom
825 1959 991 1991 occupatum
1007 1957 1095 1985 dixit?
1124 1958 1173 1985 sed
1193 1967 1255 1985 eum
1275 1959 1401 1984 secutum

121 1994 145 2020 0
165 1995 174 2028 11
197 1996 230 2021 ut
248 2003 312 2021 eum
331 1995 442 2021 secutus
461 1996 536 2021 esset
554 2003 604 2028 per
624 1994 766 2021 silentium
785 1994 811 2019 B
831 1994 1028 2027 intellegamus
1049 2014 1054 2019 .
1071 2014 1076 2019 .
1093 2016 1097 2020 .
1118 1993 1233 2027 reliquit
1251 1994 1375 2020 omittens
1393 1994 1401 2021 Η

122 2032 154 2056 13
174 2029 236 2065 illo]
251 2030 304 2057 hoo
320 2029 364 2064 011
379 2033 412 2057 16
432 2031 626 2065 consueuerat]
643 2031 813 2056 conuenerat
827 2029 859 2055 K
876 2029 984 2055 solebat
998 2029 1023 2055 L
1037 2030 1046 2063 11
1062 2032 1093 2056 17
1109 2030 1146 2056 ad
1159 2038 1182 2055 v.
1201 2032 1251 2056 190
1267 2029 1401 2056 Cornibus

122 2065 256 2100 arboreis]
277 2074 327 2100 pro
342 2074 475 2093 cornuum
491 2066 678 2093 arboreorum.
708 2065 808 2092 melius
822 2066 918 2091 tamen
937 2065 980 2091 est
997 2065 1029 2090 ut
1049 2065 1134 2091 ‘cum’
1156 2065 1351 2098 subaudiatur,
1371 2066 1403 2091 ut

111 2101 191 2128 'est‘
199 2102 283 2142 atque
302 2101 402 2128 Ixionii
421 2103 506 2128 uento
526 2103 588 2128 iota
613 2110 634 2128 o
655 2101 690 2128 o.'
695 2122 702 2134 ‚
721 2100 750 2127 id
774 2102 817 2127 est
835 2109 898 2127 oum
923 2101 1016 2127 uento.
1045 2101 1072 2126 P
1098 2101 1188 2127 eadem
1212 2101 1249 2127 cul
1273 2110 1401 2127 conumvs

120 2146 248 2163 ARBOREIS
267 2138 298 2164 in
318 2137 341 2164 G
357 2138 498 2170 adscripta
516 2140 593 2170 sunt,
613 2138 669 2163 nisi
687 2138 758 2177 qaod
777 2137 801 2162 is
820 2136 970 2162 subaudias
989 2136 1093 2163 exhibet
1115 2138 1124 2171 11
1146 2139 1178 2163 18
1199 2137 1283 2170 atque
1302 2136 1402 2163 Ixionii

121 2172 171 2199 oin.
190 2172 218 2198 B
241 2174 250 2206 11
275 2175 307 2199 18
326 2172 412 2199 ixioni
433 2173 465 2199 K
489 2173 593 2199 ixionei
612 2173 637 2199 L
644 2173 680 2199 M
707 2172 805 2198 ixumii
824 2172 857 2198 H
876 2173 886 2205 11
910 2175 943 2198 21
968 2171 1074 2198 Ennius
1094 2194 1099 2199 .
1117 2193 1122 2198 .
1139 2193 1144 2198 .
1165 2173 1193 2198 et
1212 2172 1305 2199 avium
1331 2172 1400 2198 Vah-

123 2208 198 2234 lenus
216 2208 292 2235 Erm-
312 2216 385 2242 poes.
410 2209 456 2235 rel.
478 2218 508 2242 p.
530 2212 592 2235 117·
622 2208 719 2235 ennius
743 2207 837 2234 auium
863 2207 965 2241 uulgus
989 2208 1017 2234 et
1040 2207 1183 2234 hastarum
1207 2209 1236 2234 et
1261 2208 1355 2234 auium
1381 2207 1404 2233 G

122 2243 191 2270 alibi
215 2243 425 2271 multitudinem
451 2218 490 2271 et]
497 2245 642 2271 hastarum
662 2245 690 2270 et
707 2252 794 2277 supra
814 2245 842 2270 et
860 2243 955 2270 auium
973 2244 1084 2276 scripsit
1104 2243 1141 2270 0²
1165 2245 1174 2278 11
1197 2247 1230 2270 23
1251 2244 1287 2270 ad
1305 2246 1399 2269 v.191

121 2278 232 2314 Miscet]
252 2280 398 2314 perturbat
417 2280 582 2314 (perturbet)
602 2280 669 2314 agit.
706 2279 845 2313 Frondea]
870 2287 920 2313 pro
939 2279 1072 2305 frondosa
1090 2279 1254 2314 posuit..
1273 2279 1304 2304 ut
1323 2286 1400 2304 saxo-

123 2322 169 2340 sus
188 2322 293 2342 saxeus.
315 2315 342 2341 P
363 2316 372 2349 11
395 2318 429 2342 24
448 2316 599 2349 profundos
619 2315 730 2350 aposuit
744 2314 804 2341 KL
824 2318 884 2348 (pro
904 2314 1023 2341 fundosa
1037 2315 1131 2350 posuit
1150 2316 1169 2348 l)
1192 2315 1201 2348 11
1225 2317 1258 2340 25
1278 2313 1400 2348 proprie

123 2350 210 2376 tatem
229 2358 278 2377 om.
300 2350 356 2377 GP
373 2352 446 2385 (add.
448 2325 516 2386 p0³⁹)

1420 686 1451 709 10

1422 956 1452 978 15

1421 1224 1454 1247 ’.ΞΟ

1420 1490 1453 1514 25
