1630 2684
417 133 530 160 COMM.
550 134 590 160 IN
609 133 716 161 VERG.
736 133 820 160 AEN.
840 135 860 161 Ι.
880 138 1031 163 225—231.
1324 137 1364 168 87

81 215 202 256 ipsum
231 225 331 247 mare
354 214 549 247 Ponticum
577 215 724 247 dulcius
750 225 858 255 quam
885 219 1012 249 cetera.
1057 228 1101 250 an
1123 219 1212 250 modo
1241 219 1366 260 tristior,

28 294 33 298 .
83 278 154 300 cum
176 271 204 300 et
226 271 297 300 ante
313 270 440 309 propter
460 267 599 299 Aeneam
624 268 730 300 soleret
748 269 847 300 tristis
865 270 947 301 esse?
971 281 1014 301 an
1034 272 1151 303 tristior
1168 282 1228 312 pro
1248 272 1366 304 laetitia

88 321 236 354 Veneris?
318 329 451 354 ocvnos
477 329 628 353 stFvSA
652 330 824 353 NITENTES
848 322 970 354 nitidos
995 324 1105 355 oculos
1130 324 1270 356 lacrimis
1294 336 1364 366 per-

81 374 171 407 fusos
195 375 326 407 habens.
371 376 404 405 et
427 377 478 406 est
500 375 619 415 figura,
644 386 725 416 quae
754 375 790 406 fit
819 375 968 416 quotiens
997 376 1168 417 participio
1197 378 1364 418 praeteriti

80 428 236 469 temporis
260 439 279 459 a
302 427 432 468 passivo
461 428 626 469 iungimus
656 439 766 460 casum
795 429 1027 470 accusativum,
1057 431 1095 461 ut
1119 429 1272 462 ‘deiectus
1297 432 1363 462 ani·
1383 438 1399 461 5

80 475 189 519 mum’,
214 480 351 512 ‘maesta
374 480 523 520 vultum'.
565 481 699 513 dicendo
725 484 833 514 autem
859 481 1023 514 ‘nitentes'
1048 484 1206 524 expressit
1230 484 1362 515 nimiam

80 533 178 566 etiam
202 534 235 565 in
264 533 406 566 lacrimis
435 534 724 576 pulchritudinem,
753 535 838 567 sicut
865 534 903 566 de
927 535 1073 576 Euryalo
1102 535 1363 578 lacrimaeque

78 587 250 620 decorae.

167 641 241 674 229.
281 654 296 673 o
316 654 368 677 QVI
383 654 440 673 RES
457 653 657 677 ΠοΜῙΝνΜρνΕ
675 654 816 677 DEVMQVE
834 642 972 682 yraviter
994 643 1103 682 coepit;
1127 652 1190 673 non
1213 643 1295 673 enim
1319 643 1366 674 ait

78 693 108 726 ‘o
117 693 259 735 yenitor’.
282 697 311 726 et
328 697 372 726 est
386 697 448 726 tota
462 695 614 726 orationis
627 695 768 733 intentio,
783 695 896 726 iniuste
909 696 1016 727 vexari
1029 706 1049 726 a
1063 695 1185 727 Iunone
1202 696 1361 727 Troianos.
1384 704 1416 727 10

166 748 241 779 230.
279 760 424 780 AETERNIS
442 760 529 780 REGIS
548 761 680 780 mel-:mm
700 762 739 780 ΕΤ
755 761 890 780 FVLMJNE
912 750 1032 788 venans]
1057 748 1129 780 haee
1147 759 1360 780 commemora-

77 801 121 832 tio
133 802 290 842 potentuze
307 801 392 833 Iovis
410 802 501 841 quasi
515 802 562 833 ‘ad
579 802 732 833 invidiam
748 802 855 842 posita
872 804 927 839 est,
950 801 1005 833 hoe
1023 804 1077 840 est,
1101 803 1155 841 qui
1173 813 1260 833 omne
1277 805 1365 842 potes

25 892 28 895 .
76 856 183 886 eontra
206 856 233 886 te
254 854 391 895 flecteris.
478 863 650 886 AETERNIS
674 863 776 886 REGIS
801 863 957 886 IMPERIIS
981 864 1025 885 ET
1050 864 1206 887 FVLMINE
1230 864 1361 887 TERRES

76 907 191 939 volunt
214 907 344 949 quidam
369 907 531 948 superfluo
553 906 663 949 ‘regis'
687 907 727 938 ad
747 907 824 939 deos
844 907 971 948 referri,
996 907 1120 939 ‘terres'
1142 908 1181 939 ad
1205 908 1362 948 homines,

76 960 256 992 nescientes
281 961 357 1002 quia
380 961 510 992 maioris
535 961 710 1001 potestatis
735 963 784 992 est
807 961 891 992 idem
916 972 1013 1002 posse
1041 962 1126 992 circa
1155 962 1245 1002 deos,
1276 962 1360 1002 quod
1382 969 1413 992 15

76 1014 161 1046 circa
188 1013 347 1046 homines.
388 1013 444 1045 ·‘et
472 1014 607 1045 fulmine
631 1013 749 1045 terres'
774 1025 839 1046 non
864 1014 933 1045 sine
957 1025 1055 1045 causa
1079 1015 1196 1046 adiecit
1220 1014 1363 1046 ‘terres'.

75 1069 126 1099 est
153 1067 239 1099 enim
266 1067 389 1099 fulmen
418 1067 504 1109 quod
528 1069 662 1109 terreat;
692 1069 742 1099 est
770 1067 855 1109 quod
885 1068 995 1108 adfleb,
1024 1070 1061 1099 ut
1089 1068 1268 1099 fulminis
1302 1068 1362 1099 ad-

30 1133 33 1135 ·
74 1120 193 1153 flavit
211 1121 354 1162 ventis3
379 1123 429 1152 est
444 1121 529 1163 quod
544 1121 672 1162 puniat,
696 1123 733 1152 ut
752 1121 813 1152 vel
833 1123 945 1162 pater
965 1121 1207 1162 omnipotens
1228 1121 1364 1161 adigat

75 1185 131 1206 me
159 1174 321 1206 fulmine
351 1175 396 1206 ad
425 1174 594 1206 umbras:
623 1173 833 1215 peremptorii
862 1170 982 1205 autem>
1002 1174 1148 1205 fulminis
1178 1174 1243 1205 late
1272 1176 1364 1214 patet

75 1227 287 1269 significatio:
306 1229 357 1259 est
376 1227 461 1268 quod
480 1228 662 1268 praesaget,
681 1229 718 1258 ut
737 1227 780 1257 de
800 1227 909 1258 caelo
929 1229 1056 1258 tactas
1076 1227 1231 1258 memini
1251 1238 1361 1268 prae·
1381 1235 1415 1258 20

75 1280 202 1312 dicere
226 1291 398 1322 quercus
440 1283 603 1320 poetarum
631 1282 734 1311 autem
762 1281 943 1311 consuetudo
966 1282 1010 1312 est
1031 1290 1128 1320 prope
1150 1290 1267 1320 semper
1290 1291 1359 1312 cum

73 1333 178 1366 Iovem
204 1334 433 1365 nominaverint
459 1335 487 1364 et
516 1334 635 1373 fulmen
663 1333 840 1374 adiunyere,
873 1336 908 1364 ut
939 1334 1072 1365 audiat
1100 1333 1186 1365 haee
1213 1334 1362 1374 yenitor

73 1388 137 1427 qui
171 1387 321 1427 foedera
359 1387 520 1426 fulmine
561 1387 685 1418 sancit
722 1389 750 1418 et
789 1389 860 1418 ante
893 1387 1042 1427 yenitor
1081 1397 1160 1418 cum
1194 1387 1362 1426 fulmina

74 1443 230 1481 torques.

163 1494 237 1525 231.
274 1502 366 1525 MEVS
392 1493 546 1525 subaudis
570 1493 670 1533 filius,
695 1495 732 1524 ut
751 1492 860 1524 Aiacis
881 1493 958 1533 Oili,
982 1495 1019 1524 ut
1043 1495 1117 1524 ante
1143 1493 1289 1525 diximus.
1377 1500 1411 1524 25

74 1548 167 1586 MEVS]
192 1547 256 1578 *id
276 1549 320 1578 est
341 1547 432 1587 quasi
449 1557 508 1587 per
529 1557 577 1577 me
600 1546 655 1577 tibi
678 1546 855 1577 coniunctus
865 1544 893 1577 ²³⁶.
981 1555 1017 1577 IN
1042 1555 1086 1577 TE
1111 1547 1205 1578 modo
1231 1546 1360 1578 ‘contra

145 1673 162 1696 4
181 1670 210 1696 et
229 1671 270 1696 est
288 1670 378 1704 figura
398 1678 421 1696 e.
442 1679 460 1703 q
488 1678 508 1696 e.
547 1669 624 1695 Luct.
645 1668 720 1695 Plae.
741 1668 776 1694 ad
796 1668 866 1695 Stat.
887 1669 973 1696 Theb.
994 1669 1017 1695 II
1038 1672 1102 1701 5063
1123 1669 1161 1695 IV
1181 1672 1232 1695 365
1251 1670 1260 1702 ΙΙ
1285 1672 1298 1695 7
1320 1669 1358 1695 la-

73 1705 243 1740 ciimaeque]
263 1706 295 1731 A.
317 1706 341 1732 V
360 1706 483 1739 3431117
515 1704 641 1739 ulminis]
662 1705 693 1730 A.
716 1705 740 1730 ll
760 1705 835 1737 64911
856 1707 887 1730 18
908 1704 952 1730 vel
971 1704 1063 1739 pater]
1084 1705 1115 1730 A.
1137 1704 1174 1731 lV
1194 1706 1252 1738 2511
1271 1708 1304 1730 20
1324 1705 1358 1731 de

73 1741 165 1776 caelo]
187 1743 247 1768 buc.
268 1741 278 1767 Ι
300 1744 331 1768 17
351 1742 360 1775 ΙΙ
382 1744 415 1767 22
435 1741 544 1775 audiat]
564 1742 595 1766 A.
617 1740 667 1766 ΧΠ
688 1743 739 1766 200
757 1740 766 1773 ΙΙ
788 1743 821 1765 23
841 1740 963 1774 genitor]
983 1741 1014 1766 A.
1037 1740 1073 1766 Ν
1093 1744 1144 1767 208

145 1861 158 1884 1
178 1857 310 1884 tristitior
330 1857 353 1884 0
369 1858 379 1891 ΙΙ
400 1860 415 1883 2
435 1857 523 1888 Q&
544 1856 568 1882 G
583 1857 593 1889 ΙΙ
612 1863 671 1882 esse
693 1854 716 1880 C
741 1855 825 1887 (esset
844 1854 888 1886 (1²)
908 1855 917 1887 ἥ
942 1858 973 1880 12
994 1855 1042 1888 qui
1061 1864 1143 1881 omne
1163 1857 1242 1888 potes
1263 1855 1356 1888 Seiop-

344 1902 351 1921 i
465 1902 474 1920 r

71 1929 138 1962 pius
156 1937 170 1955 e
188 1928 289 1955 Fata„-
309 1928 470 1961 quinomine
489 1927 597 1962 potcssss
617 1926 640 1952 0
667 1928 735 1957 (uua
755 1926 845 1951 littera
865 1933 951 1951 erasa.
986 1925 992 1950 i
1013 1927 1038 1951 et
1056 1924 1070 1949 s
1084 1933 1215 1957 superser.
1238 1925 1281 1955 (7⁴²)
1311 1925 1359 1958 qui

73 1964 249 1998 omnipotens
268 1964 392 1990 insontes
412 1964 512 1997 plectis
531 1963 593 1989 coni
612 1962 647 1987 F.
664 1961 821 1986 Schoellius.
841 1961 875 1992 es.
895 1961 954 1986 Tib.
970 1961 1042 1986 Don.
1059 1961 1095 1986 act
1114 1961 1138 1985 h.
1156 1969 1176 1986 υ.
1193 1961 1202 1994 ΙΙ
1219 1963 1249 1986 13
1265 1960 1357 1986 flecte-

72 1999 109 2026 ris
129 2001 158 2026 et
175 1999 276 2026 uolunt
295 2000 318 2026 0
330 2000 339 2033 ΙΙ
355 2002 387 2025 16
406 1999 523 2025 fulmine
543 1999 638 2024 autem
656 1998 744 2022 terres
764 1996 787 2022 C
799 1997 808 2030 ΙΙ
829 1999 860 2022 17
881 1996 924 2022 est
942 1997 971 2021 et
990 1995 1063 2029 quod
1082 1995 1107 2021 L
1121 1996 1130 2029 ΙΙ
1144 1997 1175 2021 ut
1195 2016 1201 2021 .
1219 2016 1224 2021 .
1242 2018 1246 2022 .
1266 1995 1357 2022 ventis

72 2043 122 2063 mn.
143 2035 179 2067 0,
204 2035 236 2061 in
254 2043 339 2069 mary.
360 2035 423 2061 add.
445 2034 479 2060 0⁸
502 2035 511 2068 ss
535 2033 651 2060 adflavit
675 2052 680 2057 .
702 2053 707 2057 .
730 2052 734 2057 .
760 2030 942 2065 peremptorii
965 2033 1059 2057 autem
1081 2030 1207 2057 fulminis
1231 2040 1281 2057 om.
1301 2031 1332 2056 K
1348 2031 1357 2065 ΙΙ

75 2074 107 2097 18
126 2071 158 2097 ut
177 2070 220 2097 vel
240 2072 321 2104 pater
341 2091 345 2096 .
367 2092 372 2097 .
394 2091 399 2096 .
420 2069 588 2101 significatio
608 2077 657 2094 om.
677 2067 748 2093 ΒΜ
753 2087 760 2098 ‚
779 2067 810 2092 in
829 2075 913 2100 mary.
934 2067 997 2093 add.
1017 2075 1043 2092 m
1066 2067 1075 2100 ss
1102 2066 1201 2100 puniat
1220 2066 1297 2092 cuius
1316 2066 1357 2092 rei

74 2106 132 2132 late
150 2107 229 2140 patet
248 2105 416 2140 significatio
437 2105 460 2131 0
486 2106 518 2131 ut
536 2104 581 2130 vel
603 2104 684 2137 pater
704 2124 709 2129 .
731 2123 736 2128 .
758 2123 764 2129 .
783 2110 901 2135 quercus
925 2102 1061 2132 omittens,
1088 2110 1156 2135 quae
1179 2103 1210 2128 in
1234 2102 1357 2135 marqine

73 2142 181 2168 addidit
202 2141 236 2168 0³
258 2143 267 2174 ΙΙ
294 2145 325 2167 19
345 2141 506 2175 peremtorii
526 2140 551 2166 L
574 2141 583 2173 ΙΙ
611 2142 645 2165 20
665 2139 708 2164 est
727 2138 802 2171 quod
821 2139 971 2171 praesaget
989 2146 1039 2163 om.
1059 2137 1090 2163 K
1111 2138 1120 2171 ΙΙ
1142 2137 1286 2171 praesagit
1305 2138 1330 2162 11
1348 2137 1357 2171 Η

74 2179 106 2203 ut
125 2197 130 2203 .
151 2199 156 2203 .
177 2198 182 2203 .
204 2185 321 2210 quercus
343 2176 435 2208 OElm,
461 2185 511 2203 om.
531 2174 730 2202 BKGLHM
758 2172 940 2206 peremptorii
960 2194 966 2199 .
982 2194 1009 2199 ..
1030 2172 1211 2206 significatio,
1236 2174 1260 2199 si
1278 2172 1356 2199 modo

74 2212 165 2238 Servii
178 2215 256 2244 sunt,
271 2215 334 2246 post
349 2220 466 2245 quercus
481 2211 640 2238 collocanda
653 2210 787 2236 videntwr.
802 2210 812 2242 ΙΙ
826 2211 859 2234 25
875 2209 912 2235 ad
925 2217 949 2234 v.
961 2211 1011 2234 231
1027 2209 1118 2242 Meus]
1135 2208 1267 2235 subaudis
1281 2208 1355 2233 filius

73 2249 106 2274 ut
122 2247 217 2275 Aiacis
239 2247 320 2274 Oilei.
354 2248 385 2274 ln
403 2248 444 2282 te]
464 2247 548 2274 modo
568 2247 666 2273 contra
679 2247 707 2271 te
728 2266 733 2270 .
750 2264 756 2270 .
772 2265 777 2270 .
798 2252 848 2277 pro
868 2243 980 2270 Teucris
1001 2244 1028 2269 P
1044 2245 1054 2278 ss
1075 2243 1148 2269 filius
1166 2243 1195 2270 id
1215 2245 1257 2270 est
1275 2242 1355 2276 quasi

74 2291 124 2316 per
142 2292 186 2309 me
205 2283 258 2309 tibi
277 2283 440 2309 coniunctus
460 2284 489 2309 et
507 2282 547 2309 sic
566 2280 697 2308 subaudis
717 2279 790 2306 filius
807 2281 840 2305 ut
859 2279 882 2305 C
894 2280 903 2312 ΙΙ
918 2279 973 2305 Oili
989 2279 1023 2305 (J.-
1043 2279 1097 2306 olei
1112 2279 1212 2305 ΒΑΜ
1241 2278 1305 2305 oilei
1321 2277 1355 2304 0³

75 2317 126 2344 olli
139 2318 171 2344 K
191 2318 256 2345 ollie
271 2319 304 2344 H
315 2319 324 2352 ΙΙ
339 2320 370 2345 ut
389 2320 454 2345 ante
473 2317 605 2351 diximus]
626 2318 658 2342 ut
676 2324 760 2349 supra
779 2314 887 2348 dietum,
904 2316 946 2341 est
960 2315 986 2340 B
996 2315 1042 2347 M,
1061 2315 1118 2341 nisi
1136 2315 1207 2348 quod
1227 2314 1298 2340 sicut
1311 2314 1352 2339 M.

74 2360 124 2379 om.
144 2353 166 2380 0
184 2355 194 2388 ΙΙ
219 2355 386 2388 congregate
406 2354 430 2380 0
454 2355 563 2387 (contra
581 2355 610 2379 te
630 2352 674 2385 0²)
