1722 2670
475 115 588 143 COMM.
607 116 647 142 m
666 115 774 145 VERG
791 117 876 144 AEN.
896 117 943 145 ΙΙΙ.
964 121 1049 144 210-
1053 121 1113 145 221.
1369 119 1434 150 381

246 197 321 229 213.
357 209 532 233 tmuson-
550 210 634 230 arr
657 197 712 230 hoc
734 200 779 230 est
799 199 879 254 siout
900 199 1015 231 dietum
1038 202 1093 242 est,
1115 200 1226 241 pulsae
1248 211 1269 232 a
1291 200 1385 232 Zetho
1409 202 1438 232 et

154 249 255 283 Calai.
1055 250 1078 287 Χ

243 304 318 336 214.
354 313 423 336 Nnc
442 312 592 337 SAEVIOR
610 314 703 336 VLLA
725 313 845 337 Pnsms
864 314 908 337 ΕΤ
927 314 986 337 mA
1005 315 1103 338 Dnvm
1122 315 1255 339 STYous
1275 316 1356 339 SESE
1374 316 1434 339 Ex-

154 365 260 389 TVLIT
284 365 390 390 VNDIS
414 359 450 389 ut
473 357 582 390 Poena
609 358 644 389 in
668 357 785 390 Statio.
830 360 864 390 et
890 370 956 391 non
984 359 1062 391 dicit
1089 359 1148 391 has
1172 359 1210 391 de
1238 360 1351 392 inferis
1374 371 1435 393 esse

153 412 262 452 natas,
286 410 342 442 sed
364 411 490 452 peiores
515 422 585 443 esse
610 412 760 444 omnibus
784 412 859 444 inde
881 412 1070 454 procreatis.
1454 421 1470 444 5

243 464 318 496 216.
360 476 493 497 vmanvm
517 477 675 498 vome-am
699 478 813 498 yma-vs
833 466 862 498 si
883 466 1113 507 subdistinyuas
1136 465 1307 508 ‘viryinei’‚
1334 467 1436 499 maior

153 516 214 548 erit
233 517 409 550 admiratio.
497 530 673 550 mmmmm
695 518 745 550 hic
768 519 882 560 turpis,
905 522 941 551 ut
965 519 1126 551 Terentius
1148 520 1184 551 in
1207 519 1342 551 eunucho
1366 519 1434 561 <IV

153 569 188 609 4,
214 570 276 611 17>
298 580 395 602 nuno
416 570 484 603 lieu
505 567 663 604 videtur
677 572 822 612 foedus,
850 573 939 612 quia
965 573 1073 604 illam
1099 584 1173 605 non
1199 573 1313 605 habet.
1358 573 1436 605 alibi

153 622 308 664 ‘foedum'
331 627 504 667 cruentum,
526 628 563 657 ut
584 625 637 666 <H
654 625 741 667 502>
764 627 946 667 sanquine
967 626 1175 666 foedantem
1198 629 1227 659 et
1248 626 1333 667 <VII
1348 626 1434 668 575>

149 676 364 718 foedatique
386 688 451 710 ora
474 678 638 711 Galaesi.
1196 705 1213 715 .
1455 687 1487 710 10

241 730 548 764 217.1›1³01.vvms
580 731 685 764 sordis
718 732 840 764 effusio.
886 735 914 764 et
942 733 1053 765 vitavit
1079 743 1117 764 ne
1143 733 1254 765 diceret
1282 732 1434 771 s‘tereus'.

151 784 180 814 et
194 793 255 824 per
276 783 331 815 hoe
352 785 486 816 nimiam
513 786 692 817 edacitatem
719 786 856 818 ostendit.
902 788 931 817 et
956 787 1084 827 quidam
1113 786 1221 817 volunt
1244 785 1434 828 ‘proluvies',

151 846 220 868 oum
242 839 357 870 stereus
379 839 493 870 ventris
514 839 676 880 siynifieet,
699 849 721 870 a
739 839 872 880 Vergilio
890 839 945 871 hoe
963 840 1026 872 loeo
1047 840 1182 880 fiyuram
1199 840 1315 871 ventris
1338 840 1434 880 siqni-

150 889 290 931 fioatam,
313 901 382 931 eryo
405 892 497 931 quasi
519 902 689 924 sannosum
711 894 740 924 et
754 893 954 933 pantioosum
977 894 1118 924 ventrem.
1159 893 1329 933 aliquando
1353 892 1433 933 ‘pro-
1487 896 1489 898 ’

151 941 262 975 luvies'
294 944 361 975 sola
393 944 509 983 effusio.
558 945 719 977 Terentius
750 946 845 986 quod
874 945 1103 986 proluvium,
1140 956 1231 986 quae
1262 946 1350 977 haee
1381 949 1435 978 est
1454 953 1486 976 15

150 995 276 1027 subita
300 996 470 1038 laryitas.
516 998 684 1039 aliquando
701 1008 763 1039 pro
785 998 876 1039 aquis
898 998 1005 1030 multis
1021 999 1161 1038 ponitur.
1243 1008 1432 1037 VNCAEQVE

151 1057 270 1081 MANVS
294 1060 409 1082 manus
431 1061 491 1091 pro
515 1051 678 1093 unguibus
701 1051 825 1093 posuit,
848 1051 911 1083 hoc
934 1053 984 1083 est
1007 1050 1241 1094 γαμψώνυχας.

241 1102 315 1135 218.
352 1111 447 1134 FAME
471 1103 573 1135 veluti
596 1103 696 1146 fame3
726 1115 803 1136 nam
827 1104 990 1136 abundare
1015 1104 1094 1136 dicit
1117 1106 1273 1136 armenta.
1319 1107 1375 1137 aut
1398 1117 1433 1137 re

151 1166 229 1187 vera
252 1155 381 1197 ‘fame',
412 1167 509 1198 quam
532 1157 579 1189 eis
603 1157 765 1189 inferebat
788 1168 855 1189 non
878 1157 1002 1199 inopia,
1026 1157 1080 1190 sed
1105 1158 1251 1190 avaritia.
1296 1158 1353 1191 kas
1375 1159 1434 1191 alii

148 1208 247 1248 famis
263 1209 425 1250 praesides
447 1220 509 1242 esse
536 1210 675 1252 tradunt,
705 1211 781 1250 quia
803 1213 832 1242 et
853 1210 972 1243 Phineo
990 1213 1152 1252 propterea
1174 1212 1330 1252 adpositae
1352 1214 1433 1251 sunt,
1452 1220 1486 1243 20

153 1264 182 1294 et
201 1261 354 1294 Troianos
371 1262 410 1294 ab
433 1263 531 1303 epulis
547 1263 724 1304 prohibent,
746 1266 775 1295 et
795 1263 845 1296 his
868 1266 989 1296 tantum
1010 1264 1126 1304 famem
1143 1265 1383 1307 praenuntiant,
1407 1268 1435 1297 et

150 1315 237 1356 ipsae
258 1318 332 1347 sunt
352 1315 437 1356 fame
455 1317 603 1357 pallidae.

240 1369 315 1400 219.
352 1378 484 1401 DELATI
508 1370 594 1412 q'uod
617 1370 823 1403 necessitatis
847 1373 911 1412 est3
938 1382 1014 1402 nam
1042 1370 1210 1403 voluntate
1235 1371 1344 1414 aliquo
1367 1383 1433 1404 non

152 1420 342 1463 deferimur,
366 1423 422 1454 sed
445 1423 603 1456 venimus.

202 1479 205 1481 ’
240 1475 315 1507 220.
351 1485 468 1508 LAETA
495 1477 644 1519 pinguia:
672 1489 747 1510 nam
776 1478 811 1509 in
839 1478 1047 1520 animalibus,
1078 1478 1111 1510 in
1140 1479 1255 1521 quibus
1280 1479 1432 1521 cognosci
1451 1485 1485 1509 25

151 1539 218 1561 non
240 1531 350 1570 potest
374 1540 501 1571 sensus,
524 1530 687 1563 laetitiam
710 1531 829 1573 pingue
854 1542 970 1572 eorpus
994 1531 1149 1573 ostendit,
1176 1543 1242 1564 non
1265 1543 1369 1574 mens,
1395 1534 1433 1564 ut

151 1582 186 1613 in
208 1581 405 1615 homiuibus.
487 1596 594 1616 PASSIM
613 1597 717 1616 tumus
745 1584 849 1617 Ulioeis
870 1585 945 1616 socii
968 1584 1052 1617 boves
1074 1584 1158 1617 Solis
1180 1586 1322 1618 occidisse
1343 1586 1432 1618 indu-

151 1637 275 1677 cuntur,
304 1635 458 1677 Veryilius
479 1636 655 1669 eredioilius
677 1638 778 1678 finxit.

241 1689 315 1721 221.
353 1697 648 1728 CAPRIGENVMQVE
671 1700 779 1723 PEcvs
811 1692 890 1723 satis
914 1702 996 1724 nove
1021 1693 1053 1723 et
1077 1692 1247 1724 adfectate.
1337 1706 1433 1726 nmo

152 1754 282 1775 emmoni:
302 1743 382 1775 deest
404 1742 513 1776 (σπη’.
603 1753 668 1775 PER
696 1753 842 1776 HERBAM
870 1745 948 1776 ordo
979 1747 1041 1787 est,
1073 1756 1140 1777 non
1169 1744 1242 1786 ‘per
1270 1744 1431 1787 herbam',
1451 1752 1485 1776 30

152 1795 208 1827 sed
232 1795 306 1837 ‘per
330 1807 460 1838 campos
484 1797 519 1828 in
541 1796 651 1829 herbis
675 1797 820 1829 videmus
845 1797 1015 1830 armenta’.

222 1895 240 1919 4
258 1892 288 1919 in
307 1892 411 1934 Statio]
432 1893 519 1920 Theb.
539 1893 605 1920 VIII
624 1896 657 1920 25
682 1895 692 1928 ΙΙ
715 1897 748 1921 15
768 1893 928 1929 Terentius]
949 1894 985 1922 ad
1004 1895 1029 1922 V
1049 1898 1073 1929 9,
1093 1897 1126 1921 28
1149 1894 1236 1929 ‘quod
1253 1895 1432 1929 prolubium?

151 1936 223 1962 quae
241 1928 329 1955 istaec
347 1929 469 1956 subitast
485 1929 631 1964 largitas?

223 2021 239 2044 2
259 2018 323 2045 cala
342 2017 392 2053 Fll
411 2021 428 2044 4
448 2026 521 2052 pena
539 2026 572 2045 ex
591 2026 661 2053 pene
680 2018 707 2044 L
720 2019 729 2052 ΙΙ
748 2027 807 2046 esse
826 2019 886 2046 hab.
908 2018 982 2053 01Ιὸ
1000 2019 1078 2055 inde]
1097 2019 1128 2046 id
1148 2020 1191 2046 est
1209 2019 1240 2046 F
1250 2020 1260 2054 11
1275 2023 1289 2046 7
1312 2020 1431 2047 81111111110

154 2052 184 2079 F
204 2054 214 2087 ss
236 2056 253 2080 8
271 2053 339 2089 heu]
363 2054 415 2081 tibi
437 2054 581 2081 Terentius
603 2055 612 2088 n
635 2054 702 2088 quia
726 2055 805 2081 illam
826 2054 856 2080 F
881 2054 947 2088 quia.
970 2055 1056 2082 aliam
1077 2054 1256 2082 Gommelinus
1276 2056 1432 2082 Mas-victus

151 2089 335 2116 Burmannus
354 2098 425 2124 quae
444 2089 530 2116 aliam
544 2090 618 2116 Lion
631 2090 641 2124 ΙΙ
656 2093 688 2116 13
703 2090 821 2125 ventris]
840 2091 897 2117 scil.
919 2090 1090 2124 ‘proluviem’
1106 2091 1116 2125 ΙΙ
1132 2094 1164 2117 14
1183 2091 1263 2124 quasi
1282 2099 1431 2118 sannosum

152 2125 266 2158 scripsi:
284 2125 379 2159 quasis
397 2133 534 2152 annosum
554 2125 584 2152 F
610 2125 689 2159 quasi
708 2134 844 2153 annosum
862 2125 968 2154 Daniel
981 2127 1098 2160 primus
1135 2127 1171 2159 cf.
1191 2127 1268 2153 Pers
1287 2129 1337 2153 sat
1358 2127 1383 2153 V
1398 2130 1429 2153 91

155 2160 318 2194 ‘rugosaque
335 2161 437 2188 sanna'
453 2160 651 2195 sspanticosum
669 2169 703 2188 ex
721 2161 896 2195 panticorum
916 2161 947 2188 F
957 2162 966 2195 [Ι
980 2161 1038 2196 aliq
1040 2161 1132 2189 nanda
1151 2161 1182 2188 F
1192 2163 1202 2196 fl
1217 2165 1248 2189 17
1264 2170 1315 2196 pro
1334 2162 1432 2196 ungui-

151 2195 205 2222 bus
232 2204 331 2223 manus
358 2196 452 2231 posuit
480 2196 539 2223 FO
563 2197 572 2231 ΙΙ
599 2197 814 2231 gampsonichas
839 2196 897 2223 FO
925 2171 1114 2224 tammiqonxnc
1137 2197 1164 2223 L
1187 2197 1391 2231 (camsonichos
1410 2198 1431 2230 l)

153 2239 301 2258 ramosxuc
320 2231 354 2257 H
378 2241 550 2259 mumomzxcc
571 2232 608 2258 M
639 2241 809 2259 cAuvomxec
828 2232 858 2259 Ε
884 2231 1069 2274 καμψόννχας
1088 2233 1243 2267 Stephanus
1261 2233 1270 2266 ΙΙ
1290 2236 1322 2259 18
1342 2232 1432 2272 ueluti

154 2266 228 2294 fame
247 2275 297 2295 om.
309 2266 340 2293 F
350 2267 360 2301 ΙΙ
376 2270 407 2295 19
419 2268 456 2294 ad
469 2267 543 2294 fame
563 2268 594 2294 in
612 2276 697 2302 mary.
717 2268 768 2295 has
788 2268 902 2302 quidam
921 2268 1063 2302 praesides
1081 2268 1164 2295 famis
1179 2277 1239 2295 esse
1253 2268 1363 2296 dicunt?
1365 2267 1431 2302 quia

199 2303 255 2330 ,et
271 2303 349 2337 ipsae
368 2302 443 2330 fame
461 2304 526 2330 sunt
544 2303 668 2337 pallidae
685 2304 710 2330 T
722 2305 732 2338 ΙΙ
745 2307 779 2330 20
798 2303 867 2330 fami
882 2303 914 2331 F
923 2304 934 2338 ss
947 2307 981 2330 22
995 2305 1060 2331 sunt
1077 2304 1159 2331 famis
1178 2305 1243 2330 sunt
1257 2303 1361 2338 palliae
1365 2277 1408 2329 qF
1422 2303 1432 2338 ΙΙ

152 2340 186 2364 27
205 2338 294 2365 ulixes
313 2338 364 2372 Fu
379 2338 452 2365 Solis
471 2339 664 2366 Commelinus:
683 2339 758 2366 solos
778 2339 809 2365 F
819 2340 828 2374 Ι]
842 2343 876 2366 30
897 2349 997 2366 ussus
1017 2339 1048 2366 F
1052 2339 1075 2366 Ο
1387 2359 1391 2362 -
