1630 2684
0 674 10 738 „fn-
0 657 7 669 v..
2 643 4 646 ,

430 153 543 181 comi.
562 153 602 180 IN
622 152 729 179 VERG.
750 152 831 178 AEN.
853 154 872 179 Ι.
895 156 1043 180 loo—159.
1336 151 1378 183 65

191 235 261 268 156.
298 247 419 267 nse-m
447 235 574 274 quidam
607 233 730 273 ‘flectit'
758 244 819 274 pro
850 234 928 274 reyit
959 234 1126 274 accipiunt,
1158 235 1193 264 ut
1224 233 1379 265 interdum

98 288 246 330 ‘torquet’
268 289 302 320 in
325 288 424 319 eodem
448 288 624 328 siqnificatu
645 288 738 327 pouit
759 288 823 327 qui
845 288 995 319 numine
1023 290 1173 326 torques.
1265 296 1380 319 CVRRV

97 354 176 384 non,
200 344 236 375 ut
259 341 388 383 quidam
413 343 543 382 putant⁷
572 352 629 382 pro
659 339 799 372 ‘currui'
827 341 951 382 posuit,
979 351 1037 372 nee
1066 342 1116 371 est
1140 350 1296 382 apocope,
1325 341 1379 372 sed

98 396 182 428 ratio
206 395 285 427 artis
315 394 482 436 antiquae,
512 394 589 436 quia
620 394 725 425 omnis
754 394 973 426 nominativus
1002 394 1145 435 pluralis
1171 394 1257 436 regit
1287 404 1380 435 gene-

97 449 201 481 tivum
224 448 422 489 singularem
454 450 487 479 et
517 447 715 488 isosyllabus
747 458 817 479 esse
842 447 952 487 debet,
983 449 1019 479 ut
1050 447 1112 479 hae
1141 458 1251 479 musae
1282 447 1379 479 huius

98 512 223 542 musae,
255 501 289 532 hi
323 501 411 533 docti
443 501 540 533 huius
574 501 669 533 docti.
720 501 798 532 item
830 512 849 532 a
879 501 1031 542 genetivo
1063 500 1222 543 singulari
1253 500 1381 532 dativus

97 555 222 597 regitur
249 554 440 596 singularis,
467 556 504 586 ut
532 554 731 596 isosyllabus
762 554 818 595 sit,
851 557 887 585 ut
919 554 1015 586 huius
1049 554 1136 586 docti
1168 554 1244 585 huic
1277 554 1382 586 docto·

97 607 171 640 inde
195 618 272 650 ergo
297 610 346 639 est
369 619 559 649 curruque
589 608 743 639 abscisa
771 607 931 639 duorum
959 608 1163 649 suspendit
1191 608 1322 649 capita
1350 610 1382 639 et

97 661 200 694 libra
223 661 296 702 die,
319 673 373 703 ne,
397 662 425 693 si
450 661 536 693 ‘diei'
561 661 704 703 fecisset,
728 661 832 693 maior
855 663 942 692 esset
955 657 1166 693 ⁴nominativo
1186 661 1313 702 plurali.

98 722 259 747 SECVNDO
283 715 433 752 Troianis
462 715 663 757 obsequenti.
711 717 742 746 et
769 717 894 746 tractus
923 717 973 747 est
996 726 1102 747 sermo
1127 727 1146 746 a
1171 715 1381 756 sequentibus

98 768 213 807 servis,
237 768 270 800 id
295 770 344 800 est
367 768 549 810 pedisequis
574 768 736 800 secundis:
761 768 845 800 unde
870 770 902 800 et
926 769 1099 800 secundam
1116 768 1281 800 fortunam
1306 768 1382 800 diei—

98 832 184 863 mus,
207 822 291 863 quod
317 822 491 854 seeundum
515 833 574 854 nos
599 824 661 863 est,
684 822 717 853 id
742 824 792 853 est
815 833 915 863 prope
939 834 1007 854 nos.

190 875 261 907 157.
294 884 483 907 AENEADAE
511 886 596 907 nunc
624 875 769 917 Troiani,
798 875 973 917 aliquando
997 876 1149 917 Romani,
1178 877 1214 907 ut
1239 875 1382 907 Aenea-

99 928 165 960 dae
195 928 233 960 in
266 929 409 960 ferrum
443 941 510 970 pro
544 930 734 961 libertate
767 930 942 961 ruebant.
1038 942 1166 962 monim
1187 942 1290 962 mmm
1319 930 1384 961 ideo

96 982 171 1022 quia
194 985 267 1022 post
290 983 461 1023 periculum
488 993 550 1015 non
578 984 702 1023 eliyitur
731 983 817 1021 litus,
841 984 894 1015 sed
915 984 1122 1024 quodcumque
1145 983 1277 1015 occurrit
1298 993 1383 1014 occu-

95 1038 198 1075 patur.
294 1045 405 1068 OVRSV
441 1034 497 1068 aut
534 1037 707 1068 seeundum
744 1036 828 1078 quod
862 1037 1010 1078 superius
1044 1036 1184 1067 diximus
1218 1035 1386 1078 ‘proxima

97 1088 220 1130 eursu'⁷
243 1089 275 1121 id
299 1092 349 1121 est
373 1090 497 1131 cursui,
526 1091 582 1121 aut
611 1089 828 1122 ‘contendunt
856 1101 950 1122 cursu
982 1089 1118 1131 petere',
1149 1092 1181 1121 et
1210 1092 1259 1121 est
1288 1090 1386 1131 septi-

97 1153 169 1174 mus
193 1153 296 1174 casus.
386 1146 422 1174 ut
443 1143 491 1175 hic
514 1143 639 1175 ‘cursu’
663 1144 699 1175 de
722 1143 863 1182 navibus,
883 1145 929 1175 ita
952 1144 1028 1175 alibi
1051 1144 1122 1185 iter,
1145 1146 1181 1174 ut
1202 1143 1298 1175 unde
1316 1143 1386 1174 iter

98 1196 257 1228 Italiam
280 1199 308 1228 et
331 1198 365 1228 in
388 1197 494 1237 quinto
518 1199 638 1228 certus
665 1197 744 1228 iter.
789 1197 934 1228 stationes
961 1197 1055 1228 etiam
1081 1197 1209 1228 navium
1237 1196 1386 1234 dicebant,

97 1250 179 1290 quod
199 1253 243 1282 est
265 1250 455 1282 animalvhus
478 1250 670 1282 terrestribus
688 1251 861 1290 proprium.

190 1304 262 1336 158.
295 1313 506 1336 VERTVNTVR
531 1303 654 1335 scilicet
679 1314 698 1334 a
721 1304 889 1345 proposito
910 1304 1039 1345 itinere,
1063 1304 1125 1336 hoc
1150 1307 1199 1336 est
1219 1305 1259 1336 ab
1279 1304 1385 1336 Italia.

190 1358 262 1390 159.
294 1366 358 1390 EST
391 1367 427 1389 IN
459 1365 604 1389 SECESSV
636 1357 823 1398 topothesia
854 1359 916 1398 est,
947 1358 980 1389 id
1009 1360 1058 1389 est
1086 1358 1181 1390 fictus
1211 1357 1384 1389 secundum

170 1475 186 1498 2
212 1472 260 1506 qui
279 1472 403 1507 numine]
429 1473 460 1498 A.
481 1472 531 1498 XII
558 1474 607 1498 180
630 1473 640 1506 11
664 1474 680 1498 8
705 1472 854 1507 curruque]
879 1473 910 1498 A.
930 1472 982 1499 XII
1002 1475 1052 1499 511
1077 1474 1086 1507 ΙΙ
1109 1475 1124 1499 9
1148 1472 1234 1507 libra]
1259 1481 1327 1507 geor
1349 1494 1354 1499 .
1374 1472 1385 1498 1

101 1510 152 1534 208
175 1508 185 1541 ΙΙ
210 1511 242 1534 10
261 1508 290 1535 et
307 1508 415 1534 tractus
435 1509 478 1534 est
496 1516 518 1534 e
539 1517 564 1540 q.
585 1507 617 1542 s.]
638 1516 723 1534 311301-
744 1507 809 1535 Isid
830 1516 868 1534 or
888 1508 912 1534 X
932 1511 983 1534 257
1003 1509 1012 1541 11
1037 1511 1068 1534 13
1087 1508 1249 1549 Aeneadae]
1268 1509 1300 1534 A.
1348 1508 1386 1534 III

102 1545 153 1570 648
176 1544 185 1577 ΙΙ
209 1546 241 1570 18
260 1544 346 1579 unde]
371 1544 403 1570 A.
423 1543 461 1569 111
480 1546 531 1569 507
555 1545 564 1576 ΙΙ
587 1543 619 1568 ut
642 1543 688 1569 hio
714 1565 719 1569 .
740 1565 745 1569 .
767 1565 772 1569 .
798 1544 890 1570 certus
913 1544 979 1578 iter]
1005 1543 1038 1570 cf.
1059 1544 1130 1570 Dou.
1150 1544 1180 1570 in
1200 1543 1261 1570 Ter.
1281 1544 1341 1571 hec.

102 1582 179 1611 3,17
203 1580 213 1614 [Ι
237 1582 269 1606 19
295 1579 399 1614 certus]
420 1580 452 1605 A.
473 1578 496 1604 V
517 1582 532 1605 2
557 1580 566 1612 ΙΙ
589 1582 622 1605 22
647 1579 808 1613 topothesia
831 1580 873 1606 est
895 1588 918 1606 e.
939 1588 964 1613 q.
985 1579 1018 1614 s.]
1045 1588 1130 1606 exsor.
1150 1579 1229 1606 Luct.
1250 1579 1325 1606 Plac
1351 1579 1387 1606 ad

102 1614 172 1641 Stat.
193 1615 279 1642 Theb
299 1615 378 1641 1132

174 1724 187 1747 1
209 1722 246 1748 ad
263 1730 287 1748 v.
310 1724 360 1748 156
380 1721 494 1756 Flectit]
520 1721 633 1755 torquet
652 1722 698 1747 uel
718 1719 798 1756 regit.
838 1722 976 1757 Secundo]
1000 1722 1128 1748 Troianis
1148 1722 1320 1756 obsequenti.
1360 1724 1389 1749 et

100 1758 207 1783 tractus
227 1758 269 1783 est
288 1766 378 1784 sermo
398 1765 415 1783 a
435 1757 615 1790 sequentibus
636 1758 723 1784 seruis
746 1758 775 1783 id
799 1758 842 1784 est
867 1757 1055 1791 pedissequis,
1082 1758 1156 1784 unde
1183 1759 1211 1784 et
1237 1758 1387 1784 secundam

102 1792 245 1819 fortunam
265 1793 383 1820 dicimus
403 1801 420 1819 a
439 1793 588 1826 sequendo.
612 1793 638 1818 P
658 1793 668 1827 ΙΙ
691 1795 706 1819 2
726 1793 839 1819 numine
861 1792 907 1819 0²:
928 1793 1039 1819 nomine
1061 1792 1084 1819 G
1104 1795 1113 1827 ΙΙ
1137 1796 1151 1819 5
1171 1793 1247 1827 isosy
1249 1794 1341 1820 llabos
1361 1793 1387 1819 B

102 1828 261 1855 isosillabos
281 1829 318 1855 M
339 1829 349 1862 ΙΙ
372 1831 386 1854 7
407 1837 597 1854 ιοοογΛΛαυοσ
616 1828 643 1854 Β
666 1828 826 1855 isosillabos
847 1829 884 1854 M
905 1829 913 1861 11
937 1829 974 1855 sit
997 1837 1046 1855 om.
1066 1828 1126 1854 ΚΟ
1146 1829 1155 1863 ΙΙ
1178 1831 1194 1855 8
1219 1829 1342 1855 abscissa
1361 1829 1387 1854 B

103 1863 213 1890 abscisa
232 1885 237 1890 .
259 1885 264 1890 .
286 1885 291 1890 .
312 1872 364 1897 cap
366 1864 407 1890 ita.
425 1872 475 1890 om.
498 1863 521 1890 G
540 1864 550 1897 ΙΙ
573 1867 588 1890 9
608 1864 713 1898 plurali
731 1864 788 1890 tale
809 1865 852 1890 est
870 1864 899 1890 et
919 1872 1054 1898 eorruque
1070 1864 1180 1890 abscisa.
1194 1864 1310 1890 duorum
1332 1864 1348 1890 s.
1364 1873 1386 1890 e.

105 1898 128 1926 C
147 1899 157 1933 ΙΙ
181 1902 213 1925 11
233 1899 393 1933 pedisequis
411 1899 494 1925 BM:
518 1873 626 1933 pedisep
634 1900 739 1925 litterae
757 1902 927 1925 evanuerunt
945 1900 977 1925 in
996 1900 1028 1925 Κ
1051 1900 1143 1933 sequis
1164 1899 1186 1925 Ο
1203 1900 1292 1933 (pedis
1311 1908 1386 1933 supr.

103 1943 169 1961 vers.
189 1935 253 1962 add.
275 1935 318 1967 0³)
339 1935 418 1969 pedis
438 1934 529 1968 sequis
548 1935 574 1960 L
591 1934 765 1968 pedissequis
786 1935 818 1960 H
838 1935 847 1968 ΙΙ
871 1935 999 1961 secundis
1019 1943 1068 1961 om.
1091 1935 1114 1961 G
1130 1936 1203 1967 (add.
1226 1934 1269 1966 Οἳ]
1292 1935 1301 1969 ΙΙ
1320 1935 1387 1961 dici-

104 1979 166 1996 mus
184 1978 202 1996 a
221 1971 360 2004 sequendo
382 1970 404 1996 Ο
424 1971 433 2004 ΙΙ
458 1973 489 1996 12
515 1970 620 2003 quod
693 1978 780 2004 prope
804 1978 854 1996 nos
878 1979 927 1996 om.
947 1971 980 1996 K
985 1970 1007 1996 O
1024 1971 1097 2004 (add.
1120 1970 1163 2003 0³>
1186 1971 1195 2005 ΙΙ
1216 1979 1303 2004 prope
1328 1979 1386 1997 nos.

104 2005 150 2032 uel
170 2014 186 2032 a
207 2006 389 2032 similitudine
409 2006 487 2032 uenti
506 2006 627 2032 tractum
641 1991 690 2032 'est
708 2005 825 2040 propitii
845 2006 892 2039 qui
912 2005 961 2032 flat
980 2014 997 2032 a
1014 2007 1108 2040 tei-,go
1127 2008 1159 2032 ut
1178 2007 1256 2038 (Aen.
1272 2006 1310 2032 ΙΙΙ
1327 2008 1387 2039 130)

106 2041 298 2081 ‘prosequitur
317 2050 432 2075 surgens
453 2050 470 2067 a
484 2040 571 2075 puppi
590 2042 691 2068 uentus
710 2041 835 2067 eunteis'
856 2041 885 2067 D
899 2042 908 2075 ΙΙ
923 2044 955 2067 13
975 2042 1012 2068 ad
1030 2050 1054 2067 v.
1071 2044 1120 2068 157
1140 2041 1271 2068 Proxima
1290 2041 1386 2076 litora]

105 2076 172 2109 quia
190 2078 254 2111 post
273 2077 428 2111 periculum
447 2085 502 2103 non
522 2077 643 2110 elegitur
662 2076 741 2107 litus
766 2076 814 2103 sed
838 2078 1031 2110 quodcumque
1056 2077 1207 2103 occurrerit
1225 2078 1386 2111 occupatur.

108 2112 135 2138 P
156 2113 166 2146 ΙΙ
192 2116 222 2139 16
251 2113 357 2139 dictum
381 2114 424 2139 est
449 2112 513 2138 OM
534 2113 544 2146 ΙΙ
568 2115 600 2138 18
630 2121 711 2139 eursu
735 2097 783 2138 ⁹0²:
812 2121 893 2138 curru
918 2112 941 2139 C
960 2113 970 2147 ΙΙ
995 2116 1026 2139 19
1056 2112 1191 2139 stationes
1219 2113 1388 2139 Masvicius:

106 2147 290 2184 salutationes
307 2148 330 2175 O
341 2149 350 2182 ΙΙ
367 2151 400 2174 20
416 2148 650 2181 terrestribusmn
673 2148 762 2181 01121
784 2148 820 2174 ad
838 2156 862 2174 v.
884 2151 934 2174 158
953 2147 1119 2183 Vertuntur]
1147 2147 1255 2174 scilicet
1275 2169 1280 2175 .
1301 2169 1306 2174 .
1330 2169 1334 2174 .
1353 2148 1388 2174 ab

107 2199 314 2240 10111οΡ1122
331 2202 367 2228 ad
381 2210 405 2229 v
423 2204 472 2227 159
492 2201 543 2228 Est
561 2201 590 2227 in
609 2201 729 2235 30003311]
750 2201 909 2235 topothesia
928 2202 993 2228 est
1060 2201 1251 2235 Hispaniensis
1271 2201 1387 2227 Cartha-

108 2235 180 2270 ginis
199 2237 296 2271 portus
317 2237 431 2271 putatur
451 2245 519 2263 esse.
552 2245 607 2263 non
628 2237 671 2263 est
694 2236 768 2262 enim
792 2236 838 2263 hie
856 2236 934 2263 100113
958 2236 987 2263 in
1006 2222 1114 2268 Africa,
1140 2237 1188 2263 sed
1207 2238 1322 2270 propter
1341 2245 1385 2262 no-

107 2271 189 2298 minis
209 2272 419 2299 similitudinem
439 2272 542 2306 posuit
572 2281 637 2298 nam
651 2272 841 2306 topographia
859 2273 902 2298 est
916 2272 957 2299 rei
971 2280 1053 2299 uerae
1068 2258 1229 2306 descriptio
1258 2271 1386 2305 Secessu]

109 2306 169 2333 sinu
189 2309 303 2335 secreto.
341 2307 443 2343 Locus]
463 2309 556 2334 autem
577 2307 738 2334 subaudis‘
746 2307 854 2341 quem’,
874 2308 906 2334 ut
925 2307 1051 2348 superius
1073 2308 1154 2334 ‘urbs
1173 2307 1289 2340 antiqua
1308 2306 1386 2333 fuit'.

111 2342 203 2369 Insula
222 2345 333 2377 portum
354 2343 452 2378 efficit]
472 2352 555 2377 quem
574 2343 666 2370 locum
686 2342 878 2376 subaudimus,
897 2343 944 2369 1101
966 2343 995 2369 in
1015 2351 1070 2377 quo
1089 2343 1181 2369 insula
1200 2343 1312 2376 portum
1331 2342 1389 2368 effi-

110 2376 155 2403 cit.
177 2377 204 2403 P
223 2379 234 2412 u
255 2387 408 2407 monooccxa.
426 2379 499 2405 ΒΜ

164 2426 239 2447 Servii
251 2433 330 2447 comm.
349 2429 400 2447 Vol.
416 2428 428 2447 1
450 2428 495 2447 Fas
530 2429 548 2447 1.
1160 2425 1175 2448 ὃ

1401 452 1415 475 01

1403 719 1435 742 10

1404 989 1436 1012 15

1403 1256 1439 1280 20
