<?xml version="1.0" encoding="UTF-8"?>
<!DOCTYPE html PUBLIC "-//W3C//DTD XHTML 1.0 Transitional//EN"
    "http://www.w3.org/TR/xhtml1/DTD/xhtml1-transitional.dtd">
<html xmlns="http://www.w3.org/1999/xhtml" xml:lang="en" lang="en">
 <head>
  <title>
</title>
<meta http-equiv="Content-Type" content="text/html;charset=utf-8" />
  <meta name='ocr-system' content='tesseract 3.04.00' />
  <meta name='ocr-capabilities' content='ocr_page ocr_carea ocr_par ocr_line ocrx_word'/>
</head>
<body>
  <div class='ocr_page' id='page_1' title='image "./invergiliicarmin00servuoft/invergiliicarmin00servuoft_0213.png"; bbox 0 0 1630 2684; ppageno 0'>
   <div class='ocr_carea' id='block_1_1' title="bbox 478 132 1423 166">
    <p class='ocr_par' dir='ltr' id='par_1_1' title="bbox 478 132 1423 166">
     <span class='ocr_line' id='line_1_1' title="bbox 478 132 1423 166; baseline 0.001 -5"><span class='ocrx_word' id='word_1_1' title='bbox 478 133 591 161; x_wconf 80' lang='lat' dir='ltr'><em>COMM.</em></span> <span class='ocrx_word' id='word_1_2' title='bbox 610 133 650 160; x_wconf 89' lang='lat' dir='ltr'><em>IN</em></span> <span class='ocrx_word' id='word_1_3' title='bbox 670 132 777 160; x_wconf 76' lang='lat' dir='ltr'><em>VERG.</em></span> <span class='ocrx_word' id='word_1_4' title='bbox 798 132 880 159; x_wconf 82' lang='lat' dir='ltr'><em>AEN.</em></span> <span class='ocrx_word' id='word_1_5' title='bbox 901 134 920 160; x_wconf 92' lang='grc' dir='ltr'><em>Ι.</em></span> <span class='ocrx_word' id='word_1_6' title='bbox 942 136 1090 160; x_wconf 68' lang='lat' dir='ltr'><em>&#39;&#39;Im-724.</em></span> <span class='ocrx_word' id='word_1_7' title='bbox 1360 135 1423 166; x_wconf 78' lang='lat'><em>201</em></span> 
     </span>
    </p>
   </div>
   <div class='ocr_carea' id='block_1_2' title="bbox 144 215 1426 256">
    <p class='ocr_par' dir='ltr' id='par_1_2' title="bbox 144 215 1426 256">
     <span class='ocr_line' id='line_1_2' title="bbox 144 215 1426 256; baseline -0.001 -7"><span class='ocrx_word' id='word_1_8' title='bbox 144 227 235 251; x_wconf 78' lang='lat' dir='ltr'><em>neum</em></span> <span class='ocrx_word' id='word_1_9' title='bbox 257 217 351 249; x_wconf 81' lang='lat' dir='ltr'><em>subii-t</em></span> <span class='ocrx_word' id='word_1_10' title='bbox 372 215 508 247; x_wconf 77' lang='lat' dir='ltr'><em>exilium.</em></span> <span class='ocrx_word' id='word_1_11' title='bbox 554 215 640 256; x_wconf 73' lang='lat' dir='ltr'><em>virqo</em></span> <span class='ocrx_word' id='word_1_12' title='bbox 663 217 766 246; x_wconf 86' lang='lat' dir='ltr'><em>autem</em></span> <span class='ocrx_word' id='word_1_13' title='bbox 793 215 859 255; x_wconf 75' lang='lat' dir='ltr'><em>ipso</em></span> <span class='ocrx_word' id='word_1_14' title='bbox 888 215 1070 255; x_wconf 73' lang='lat' dir='ltr'><em>nuptiarum</em></span> <span class='ocrx_word' id='word_1_15' title='bbox 1098 217 1146 248; x_wconf 78' lang='lat' dir='ltr'><em>clie</em></span> <span class='ocrx_word' id='word_1_16' title='bbox 1173 219 1265 248; x_wconf 83' lang='lat' dir='ltr'><em>semet</em></span> <span class='ocrx_word' id='word_1_17' title='bbox 1291 217 1327 249; x_wconf 72' lang='lat' dir='ltr'><em>cle</em></span> <span class='ocrx_word' id='word_1_18' title='bbox 1355 219 1426 248; x_wconf 84' lang='lat' dir='ltr'><em>tecto</em></span> 
     </span>
    </p>
   </div>
   <div class='ocr_carea' id='block_1_3' title="bbox 89 269 1428 314">
    <p class='ocr_par' dir='ltr' id='par_1_3' title="bbox 89 269 1428 314">
     <span class='ocr_line' id='line_1_3' title="bbox 89 269 1428 314; baseline -0.001 -11"><span class='ocrx_word' id='word_1_19' title='bbox 89 312 92 314; x_wconf 18' lang='lat' dir='ltr'>v</span> <span class='ocrx_word' id='word_1_20' title='bbox 139 270 372 311; x_wconf 73' lang='lat' dir='ltr'><em>praecipitavit:</em></span> <span class='ocrx_word' id='word_1_21' title='bbox 395 279 472 310; x_wconf 79' lang='lat' dir='ltr'><em>quae</em></span> <span class='ocrx_word' id='word_1_22' title='bbox 494 278 563 300; x_wconf 80' lang='lat' dir='ltr'><em>eum</em></span> <span class='ocrx_word' id='word_1_23' title='bbox 585 269 705 300; x_wconf 80' lang='lat' dir='ltr'><em>inlaesa</em></span> <span class='ocrx_word' id='word_1_24' title='bbox 732 269 901 309; x_wconf 79' lang='lat' dir='ltr'><em>decidisset,</em></span> <span class='ocrx_word' id='word_1_25' title='bbox 930 269 964 300; x_wconf 78' lang='lat' dir='ltr'><em>irt</em></span> <span class='ocrx_word' id='word_1_26' title='bbox 990 269 1099 309; x_wconf 70' lang='lat' dir='ltr'><em>fuyam</em></span> <span class='ocrx_word' id='word_1_27' title='bbox 1127 280 1270 302; x_wconf 74' lang='lat' dir='ltr'><em>conversa</em></span> <span class='ocrx_word' id='word_1_28' title='bbox 1287 270 1428 310; x_wconf 73' lang='lat' dir='ltr'><em>pervenit</em></span> 
     </span>
    </p>
   </div>
   <div class='ocr_carea' id='block_1_4' title="bbox 141 321 1429 1489">
    <p class='ocr_par' dir='ltr' id='par_1_4' title="bbox 141 321 1428 794">
     <span class='ocr_line' id='line_1_4' title="bbox 145 321 1426 364; baseline -0.001 -8"><span class='ocrx_word' id='word_1_29' title='bbox 145 325 188 356; x_wconf 83' lang='lat' dir='ltr'><em>ad</em></span> <span class='ocrx_word' id='word_1_30' title='bbox 201 324 274 356; x_wconf 84' lang='lat' dir='ltr'><em>litus</em></span> <span class='ocrx_word' id='word_1_31' title='bbox 289 323 388 364; x_wconf 78' lang='lat' dir='ltr'><em>ibique</em></span> <span class='ocrx_word' id='word_1_32' title='bbox 406 321 551 362; x_wconf 75' lang='lat' dir='ltr'><em>scapham</em></span> <span class='ocrx_word' id='word_1_33' title='bbox 566 322 713 363; x_wconf 78' lang='lat' dir='ltr'><em>aseendit,</em></span> <span class='ocrx_word' id='word_1_34' title='bbox 730 331 766 353; x_wconf 69' lang='lat' dir='ltr'><em>ez</em></span> <span class='ocrx_word' id='word_1_35' title='bbox 783 332 845 362; x_wconf 83' lang='lat' dir='ltr'><em>qua</em></span> <span class='ocrx_word' id='word_1_36' title='bbox 863 324 968 362; x_wconf 74' lang='lat' dir='ltr'><em>sponte</em></span> <span class='ocrx_word' id='word_1_37' title='bbox 985 322 1076 361; x_wconf 76' lang='lat' dir='ltr'><em>funes</em></span> <span class='ocrx_word' id='word_1_38' title='bbox 1089 323 1182 354; x_wconf 79' lang='lat' dir='ltr'><em>soluti</em></span> <span class='ocrx_word' id='word_1_39' title='bbox 1200 333 1260 354; x_wconf 83' lang='lat' dir='ltr'><em>esse</em></span> <span class='ocrx_word' id='word_1_40' title='bbox 1274 324 1426 355; x_wconf 60' lang='lat' dir='ltr'><em>dicuutur.</em></span> 
     </span>
     <span class='ocr_line' id='line_1_5' title="bbox 144 375 1426 417; baseline -0.002 -7"><span class='ocrx_word' id='word_1_41' title='bbox 144 378 297 410; x_wconf 79' lang='lat' dir='ltr'><em>voluntate</em></span> <span class='ocrx_word' id='word_1_42' title='bbox 314 377 416 417; x_wconf 82' lang='lat' dir='ltr'><em>itaque</em></span> <span class='ocrx_word' id='word_1_43' title='bbox 434 376 559 407; x_wconf 85' lang='lat' dir='ltr'><em>deorum</em></span> <span class='ocrx_word' id='word_1_44' title='bbox 576 378 717 416; x_wconf 76' lang='lat' dir='ltr'><em>pervecta</em></span> <span class='ocrx_word' id='word_1_45' title='bbox 739 378 784 407; x_wconf 89' lang='lat' dir='ltr'><em>est</em></span> <span class='ocrx_word' id='word_1_46' title='bbox 805 375 858 407; x_wconf 81' lang='lat' dir='ltr'><em>ubi</em></span> <span class='ocrx_word' id='word_1_47' title='bbox 876 378 998 407; x_wconf 85' lang='lat' dir='ltr'><em>amator</em></span> <span class='ocrx_word' id='word_1_48' title='bbox 1021 376 1218 408; x_wconf 74' lang='lat' dir='ltr'><em>morabatur:</em></span> <span class='ocrx_word' id='word_1_49' title='bbox 1242 387 1336 416; x_wconf 76' lang='lat' dir='ltr'><em>quam</em></span> <span class='ocrx_word' id='word_1_50' title='bbox 1357 387 1426 408; x_wconf 86' lang='lat' dir='ltr'><em>cum</em></span> 
     </span>
     <span class='ocr_line' id='line_1_6' title="bbox 144 419 1427 472; baseline -0.002 -8"><span class='ocrx_word' id='word_1_51' title='bbox 144 432 196 464; x_wconf 84' lang='lat' dir='ltr'><em>ille</em></span> <span class='ocrx_word' id='word_1_52' title='bbox 216 419 340 472; x_wconf 73' lang='lat' dir='ltr'><em>parans</em></span> <span class='ocrx_word' id='word_1_53' title='bbox 366 439 435 461; x_wconf 82' lang='lat' dir='ltr'><em>cum</em></span> <span class='ocrx_word' id='word_1_54' title='bbox 461 429 617 461; x_wconf 84' lang='lat' dir='ltr'><em>sodalibus</em></span> <span class='ocrx_word' id='word_1_55' title='bbox 644 430 816 461; x_wconf 70' lang='lat' dir='ltr'><em>convicium</em></span> <span class='ocrx_word' id='word_1_56' title='bbox 842 429 1030 470; x_wconf 76' lang='lat' dir='ltr'><em>suscepisset,</em></span> <span class='ocrx_word' id='word_1_57' title='bbox 1062 440 1118 469; x_wconf 70' lang='lat' dir='ltr'><em>pro</em></span> <span class='ocrx_word' id='word_1_58' title='bbox 1151 430 1217 470; x_wconf 76' lang='lat' dir='ltr'><em>ipso</em></span> <span class='ocrx_word' id='word_1_59' title='bbox 1249 430 1294 461; x_wconf 86' lang='lat' dir='ltr'><em>rei</em></span> <span class='ocrx_word' id='word_1_60' title='bbox 1322 432 1427 461; x_wconf 77' lang='lat' dir='ltr'><em>eventu</em></span> 
     </span>
     <span class='ocr_line' id='line_1_7' title="bbox 145 482 1428 525; baseline -0.002 -8"><span class='ocrx_word' id='word_1_61' title='bbox 145 485 290 525; x_wconf 74' lang='lat' dir='ltr'><em>templum</em></span> <span class='ocrx_word' id='word_1_62' title='bbox 308 483 473 516; x_wconf 77' lang='lat' dir='ltr'><em>constituit.</em></span> <span class='ocrx_word' id='word_1_63' title='bbox 501 483 583 523; x_wconf 77' lang='lat' dir='ltr'><em>quod</em></span> <span class='ocrx_word' id='word_1_64' title='bbox 604 493 673 524; x_wconf 71' lang='lat' dir='ltr'><em>erqo</em></span> <span class='ocrx_word' id='word_1_65' title='bbox 696 486 801 523; x_wconf 75' lang='lat' dir='ltr'><em>sponte</em></span> <span class='ocrx_word' id='word_1_66' title='bbox 821 483 955 522; x_wconf 79' lang='lat' dir='ltr'><em>fuissent</em></span> <span class='ocrx_word' id='word_1_67' title='bbox 973 482 1091 525; x_wconf 71' lang='lat' dir='ltr'><em>(funes)</em></span> <span class='ocrx_word' id='word_1_68' title='bbox 1115 483 1219 521; x_wconf 80' lang='lat' dir='ltr'><em>soluti,</em></span> <span class='ocrx_word' id='word_1_69' title='bbox 1243 483 1428 514; x_wconf 83' lang='lat' dir='ltr'><em>Automatae</em></span> 
     </span>
     <span class='ocr_line' id='line_1_8' title="bbox 150 537 1428 578; baseline -0.001 -8"><span class='ocrx_word' id='word_1_70' title='bbox 150 538 258 571; x_wconf 64' lang='lat' dir='ltr'><em>Vanam·</em></span> <span class='ocrx_word' id='word_1_71' title='bbox 285 547 395 569; x_wconf 76' lang='lat' dir='ltr'><em>nomen</em></span> <span class='ocrx_word' id='word_1_72' title='bbox 426 537 572 578; x_wconf 65' lang='lat' dir='ltr'><em>sac-ravit,</em></span> <span class='ocrx_word' id='word_1_73' title='bbox 605 537 742 577; x_wconf 75' lang='lat' dir='ltr'><em>quodque</em></span> <span class='ocrx_word' id='word_1_74' title='bbox 774 547 842 568; x_wconf 85' lang='lat' dir='ltr'><em>cum</em></span> <span class='ocrx_word' id='word_1_75' title='bbox 871 537 976 577; x_wconf 77' lang='lat' dir='ltr'><em>epulas</em></span> <span class='ocrx_word' id='word_1_76' title='bbox 1003 539 1134 577; x_wconf 76' lang='lat' dir='ltr'><em>pararet</em></span> <span class='ocrx_word' id='word_1_77' title='bbox 1163 537 1247 578; x_wconf 73' lang='lat' dir='ltr'><em>viryo</em></span> <span class='ocrx_word' id='word_1_78' title='bbox 1279 537 1308 568; x_wconf 88' lang='lat' dir='ltr'><em>ei</em></span> <span class='ocrx_word' id='word_1_79' title='bbox 1339 538 1428 577; x_wconf 67' lang='lat' dir='ltr'><em>aquis·</em></span> 
     </span>
     <span class='ocr_line' id='line_1_9' title="bbox 141 590 1426 632; baseline -0.002 -8"><span class='ocrx_word' id='word_1_80' title='bbox 141 592 251 632; x_wconf 84' lang='lat' dir='ltr'><em>fuisset</em></span> <span class='ocrx_word' id='word_1_81' title='bbox 277 591 414 632; x_wconf 79' lang='lat' dir='ltr'><em>advecta,</em></span> <span class='ocrx_word' id='word_1_82' title='bbox 442 590 626 631; x_wconf 74' lang='lat' dir='ltr'><em>Epidaetiae</em></span> <span class='ocrx_word' id='word_1_83' title='bbox 656 591 798 623; x_wconf 77' lang='lat' dir='ltr'><em>sacravit.</em></span> <span class='ocrx_word' id='word_1_84' title='bbox 894 599 1057 622; x_wconf 82' lang='lat' dir='ltr'><strong>ABOLERE</strong></span> <span class='ocrx_word' id='word_1_85' title='bbox 1087 599 1263 623; x_wconf 76' lang='lat' dir='ltr'><em>SIeHAEvM</em></span> <span class='ocrx_word' id='word_1_86' title='bbox 1296 599 1426 623; x_wconf 80' lang='lat' dir='ltr'>INCIPIT</span> 
     </span>
     <span class='ocr_line' id='line_1_10' title="bbox 143 644 1428 686; baseline -0.002 -9"><span class='ocrx_word' id='word_1_87' title='bbox 143 645 222 677; x_wconf 87' lang='lat' dir='ltr'><em>ordo</em></span> <span class='ocrx_word' id='word_1_88' title='bbox 246 644 417 677; x_wconf 84' lang='lat' dir='ltr'><em>naturalis.</em></span> <span class='ocrx_word' id='word_1_89' title='bbox 462 644 553 685; x_wconf 87' lang='lat' dir='ltr'><em>prius</em></span> <span class='ocrx_word' id='word_1_90' title='bbox 579 644 664 676; x_wconf 88' lang='lat' dir='ltr'><em>enim</em></span> <span class='ocrx_word' id='word_1_91' title='bbox 689 646 738 676; x_wconf 87' lang='lat' dir='ltr'><em>est</em></span> <span class='ocrx_word' id='word_1_92' title='bbox 768 644 909 676; x_wconf 88' lang='lat' dir='ltr'><em>avellere</em></span> <span class='ocrx_word' id='word_1_93' title='bbox 937 644 1152 686; x_wconf 71' lang='lat' dir='ltr'><em>inhaerentia,</em></span> <span class='ocrx_word' id='word_1_94' title='bbox 1181 646 1214 676; x_wconf 90' lang='lat' dir='ltr'><em>et</em></span> <span class='ocrx_word' id='word_1_95' title='bbox 1241 646 1316 686; x_wconf 88' lang='lat' dir='ltr'><em>post</em></span> <span class='ocrx_word' id='word_1_96' title='bbox 1343 655 1428 676; x_wconf 89' lang='lat' dir='ltr'><em>nova</em></span> 
     </span>
     <span class='ocr_line' id='line_1_11' title="bbox 143 698 1426 739; baseline -0.001 -9"><span class='ocrx_word' id='word_1_97' title='bbox 143 698 273 731; x_wconf 83' lang='lat' dir='ltr'><em>inferre.</em></span> <span class='ocrx_word' id='word_1_98' title='bbox 320 698 366 730; x_wconf 83' lang='lat' dir='ltr'><em>sie</em></span> <span class='ocrx_word' id='word_1_99' title='bbox 399 698 568 730; x_wconf 73' lang='lat' dir='ltr'><em>Terentius</em></span> <span class='ocrx_word' id='word_1_100' title='bbox 602 700 643 730; x_wconf 92' lang='lat' dir='ltr'><em>ut</em></span> <span class='ocrx_word' id='word_1_101' title='bbox 676 700 817 730; x_wconf 87' lang='lat' dir='ltr'><em>metum</em></span> <span class='ocrx_word' id='word_1_102' title='bbox 855 698 894 729; x_wconf 92' lang='lat' dir='ltr'><em>in</em></span> <span class='ocrx_word' id='word_1_103' title='bbox 931 709 1001 739; x_wconf 90' lang='lat' dir='ltr'><em>quo</em></span> <span class='ocrx_word' id='word_1_104' title='bbox 1035 709 1133 729; x_wconf 88' lang='lat' dir='ltr'><em>nunc</em></span> <span class='ocrx_word' id='word_1_105' title='bbox 1172 701 1231 730; x_wconf 85' lang='lat' dir='ltr'><em>est</em></span> <span class='ocrx_word' id='word_1_106' title='bbox 1264 698 1426 730; x_wconf 82' lang='lat' dir='ltr'><em>adimam</em></span> 
     </span>
     <span class='ocr_line' id='line_1_12' title="bbox 143 751 826 794; baseline -0.003 -9"><span class='ocrx_word' id='word_1_107' title='bbox 143 754 258 794; x_wconf 84' lang='lat' dir='ltr'><em>atque</em></span> <span class='ocrx_word' id='word_1_108' title='bbox 282 752 457 793; x_wconf 86' lang='lat' dir='ltr'><em>expleam</em></span> <span class='ocrx_word' id='word_1_109' title='bbox 483 752 650 783; x_wconf 86' lang='lat' dir='ltr'><em>animum</em></span> <span class='ocrx_word' id='word_1_110' title='bbox 675 751 826 793; x_wconf 87' lang='lat' dir='ltr'><em>gaudio.</em></span> 
     </span>
    </p>

    <p class='ocr_par' dir='ltr' id='par_1_5' title="bbox 143 805 1338 900">
     <span class='ocr_line' id='line_1_13' title="bbox 235 805 1338 850; baseline 0 -13"><span class='ocrx_word' id='word_1_111' title='bbox 235 806 308 838; x_wconf 79' lang='lat'><em>721.</em></span> <span class='ocrx_word' id='word_1_112' title='bbox 345 814 429 837; x_wconf 88' lang='lat' dir='ltr'><em>Vlvo</em></span> <span class='ocrx_word' id='word_1_113' title='bbox 453 814 575 850; x_wconf 56' lang='lat' dir='ltr'><strong>AMORE</strong></span> <span class='ocrx_word' id='word_1_114' title='bbox 600 806 656 837; x_wconf 88' lang='lat' dir='ltr'><em>aut</em></span> <span class='ocrx_word' id='word_1_115' title='bbox 680 805 746 837; x_wconf 89' lang='lat' dir='ltr'><em>vivi</em></span> <span class='ocrx_word' id='word_1_116' title='bbox 770 805 925 846; x_wconf 83' lang='lat' dir='ltr'><em>hominis,</em></span> <span class='ocrx_word' id='word_1_117' title='bbox 950 807 1019 843; x_wconf 55' lang='lat' dir='ltr'><em>aut,</em></span> <span class='ocrx_word' id='word_1_118' title='bbox 1036 807 1121 837; x_wconf 88' lang='lat' dir='ltr'><em>certe</em></span> <span class='ocrx_word' id='word_1_119' title='bbox 1145 805 1338 837; x_wconf 87' lang='lat' dir='ltr'><em>vehementi.</em></span> 
     </span>
     <span class='ocr_line' id='line_1_14' title="bbox 143 858 1235 900; baseline 0 -10"><span class='ocrx_word' id='word_1_120' title='bbox 143 868 396 891; x_wconf 78' lang='lat' dir='ltr'><strong>PRAEVERTERE</strong></span> <span class='ocrx_word' id='word_1_121' title='bbox 421 870 671 900; x_wconf 86' lang='lat' dir='ltr'><em>praeoccupare:</em></span> <span class='ocrx_word' id='word_1_122' title='bbox 696 861 830 900; x_wconf 89' lang='lat' dir='ltr'><em>propter</em></span> <span class='ocrx_word' id='word_1_123' title='bbox 853 859 1010 890; x_wconf 89' lang='lat' dir='ltr'><em>Iunonem</em></span> <span class='ocrx_word' id='word_1_124' title='bbox 1035 858 1104 890; x_wconf 89' lang='lat' dir='ltr'><em>sine</em></span> <span class='ocrx_word' id='word_1_125' title='bbox 1128 859 1235 890; x_wconf 89' lang='lat' dir='ltr'><em>dubio.</em></span> 
     </span>
    </p>

    <p class='ocr_par' dir='ltr' id='par_1_6' title="bbox 141 912 1428 1105">
     <span class='ocr_line' id='line_1_15' title="bbox 234 912 1427 954; baseline -0.001 -10"><span class='ocrx_word' id='word_1_126' title='bbox 234 913 307 944; x_wconf 83' lang='grc'><strong>722.</strong></span> <span class='ocrx_word' id='word_1_127' title='bbox 344 921 488 944; x_wconf 76' lang='lat' dir='ltr'>RESIDES</span> <span class='ocrx_word' id='word_1_128' title='bbox 521 913 648 954; x_wconf 76' lang='lat' dir='ltr'><em>pigros,</em></span> <span class='ocrx_word' id='word_1_129' title='bbox 688 912 727 944; x_wconf 82' lang='lat' dir='ltr'><em>ad</em></span> <span class='ocrx_word' id='word_1_130' title='bbox 761 912 934 944; x_wconf 81' lang='lat' dir='ltr'><em>amandum</em></span> <span class='ocrx_word' id='word_1_131' title='bbox 972 913 1107 954; x_wconf 79' lang='lat' dir='ltr'><em>inertes3</em></span> <span class='ocrx_word' id='word_1_132' title='bbox 1146 913 1309 944; x_wconf 83' lang='lat' dir='ltr'><em>iuraverat</em></span> <span class='ocrx_word' id='word_1_133' title='bbox 1342 912 1427 943; x_wconf 87' lang='lat' dir='ltr'><em>enim</em></span> 
     </span>
     <span class='ocr_line' id='line_1_16' title="bbox 141 966 1427 1008; baseline -0.001 -10"><span class='ocrx_word' id='word_1_134' title='bbox 141 966 224 998; x_wconf 87' lang='lat' dir='ltr'><em>nulli</em></span> <span class='ocrx_word' id='word_1_135' title='bbox 248 977 282 998; x_wconf 85' lang='lat' dir='ltr'><em>se</em></span> <span class='ocrx_word' id='word_1_136' title='bbox 306 977 376 997; x_wconf 81' lang='lat' dir='ltr'><em>esse</em></span> <span class='ocrx_word' id='word_1_137' title='bbox 399 968 583 1006; x_wconf 82' lang='lat' dir='ltr'><em>nupturam.</em></span> <span class='ocrx_word' id='word_1_138' title='bbox 629 967 742 998; x_wconf 77' lang='lat' dir='ltr'><em>resides</em></span> <span class='ocrx_word' id='word_1_139' title='bbox 765 977 840 998; x_wconf 81' lang='lat' dir='ltr'><em>sanc</em></span> <span class='ocrx_word' id='word_1_140' title='bbox 863 966 975 998; x_wconf 81' lang='lat' dir='ltr'><em>milites</em></span> <span class='ocrx_word' id='word_1_141' title='bbox 1002 967 1092 998; x_wconf 80' lang='lat' dir='ltr'><em>otiosi</em></span> <span class='ocrx_word' id='word_1_142' title='bbox 1119 969 1147 998; x_wconf 85' lang='lat' dir='ltr'><em>et</em></span> <span class='ocrx_word' id='word_1_143' title='bbox 1163 967 1251 1007; x_wconf 70' lang='lat' dir='ltr'><em>piyri</em></span> <span class='ocrx_word' id='word_1_144' title='bbox 1274 967 1427 1008; x_wconf 66' lang='lat' dir='ltr'><em>climcrctur,</em></span> 
     </span>
     <span class='ocr_line' id='line_1_17' title="bbox 142 1020 1428 1060; baseline 0 -9"><span class='ocrx_word' id='word_1_145' title='bbox 142 1022 178 1051; x_wconf 85' lang='lat' dir='ltr'><em>ut</em></span> <span class='ocrx_word' id='word_1_146' title='bbox 199 1020 410 1060; x_wconf 74' lang='lat' dir='ltr'><em>residesque</em></span> <span class='ocrx_word' id='word_1_147' title='bbox 437 1020 592 1051; x_wconf 79' lang='lat' dir='ltr'><em>movebit</em></span> <span class='ocrx_word' id='word_1_148' title='bbox 617 1020 749 1052; x_wconf 84' lang='lat' dir='ltr'><em>Tullus</em></span> <span class='ocrx_word' id='word_1_149' title='bbox 779 1020 816 1051; x_wconf 74' lang='lat' dir='ltr'><em>in</em></span> <span class='ocrx_word' id='word_1_150' title='bbox 843 1030 948 1051; x_wconf 85' lang='lat' dir='ltr'><em>arma</em></span> <span class='ocrx_word' id='word_1_151' title='bbox 976 1020 1083 1052; x_wconf 81' lang='lat' dir='ltr'><em>viros.</em></span> <span class='ocrx_word' id='word_1_152' title='bbox 1130 1020 1212 1051; x_wconf 88' lang='lat' dir='ltr'><em>unde</em></span> <span class='ocrx_word' id='word_1_153' title='bbox 1241 1022 1354 1052; x_wconf 85' lang='lat' dir='ltr'><em>eontra</em></span> <span class='ocrx_word' id='word_1_154' title='bbox 1382 1020 1428 1051; x_wconf 87' lang='lat' dir='ltr'><em>in-</em></span> 
     </span>
     <span class='ocr_line' id='line_1_18' title="bbox 143 1073 641 1105; baseline 0.002 -1"><span class='ocrx_word' id='word_1_155' title='bbox 143 1075 268 1105; x_wconf 89' lang='lat' dir='ltr'><em>stantes</em></span> <span class='ocrx_word' id='word_1_156' title='bbox 293 1073 428 1105; x_wconf 86' lang='lat' dir='ltr'><em>dicimus</em></span> <span class='ocrx_word' id='word_1_157' title='bbox 453 1073 641 1105; x_wconf 80' lang='lat' dir='ltr'><em>industrios.</em></span> 
     </span>
    </p>

    <p class='ocr_par' dir='ltr' id='par_1_7' title="bbox 144 1126 1429 1329">
     <span class='ocr_line' id='line_1_19' title="bbox 234 1126 1429 1168; baseline 0.001 -10"><span class='ocrx_word' id='word_1_158' title='bbox 234 1127 308 1158; x_wconf 81' lang='grc'><strong>723.</strong></span> <span class='ocrx_word' id='word_1_159' title='bbox 345 1136 447 1165; x_wconf 79' lang='lat' dir='ltr'>QVIES</span> <span class='ocrx_word' id='word_1_160' title='bbox 471 1136 594 1159; x_wconf 69' lang='lat' dir='ltr'><em>Ei’vms</em></span> <span class='ocrx_word' id='word_1_161' title='bbox 620 1129 753 1168; x_wconf 87' lang='lat' dir='ltr'><em>propter</em></span> <span class='ocrx_word' id='word_1_162' title='bbox 777 1127 920 1168; x_wconf 83' lang='lat' dir='ltr'><em>regalem</em></span> <span class='ocrx_word' id='word_1_163' title='bbox 945 1126 1156 1158; x_wconf 80' lang='lat' dir='ltr'><em>affluentiam.</em></span> <span class='ocrx_word' id='word_1_164' title='bbox 1193 1129 1307 1158; x_wconf 83' lang='lat' dir='ltr'><em>contra</em></span> <span class='ocrx_word' id='word_1_165' title='bbox 1331 1139 1429 1168; x_wconf 84' lang='lat' dir='ltr'><em>supra</em></span> 
     </span>
     <span class='ocr_line' id='line_1_20' title="bbox 144 1180 1428 1222; baseline -0.001 -10"><span class='ocrx_word' id='word_1_166' title='bbox 144 1181 190 1213; x_wconf 83' lang='lat' dir='ltr'><em>ait</em></span> <span class='ocrx_word' id='word_1_167' title='bbox 212 1183 417 1222; x_wconf 86' lang='lat' dir='ltr'><em>postquam</em></span> <span class='ocrx_word' id='word_1_168' title='bbox 442 1182 620 1221; x_wconf 87' lang='lat' dir='ltr'><em>exempta</em></span> <span class='ocrx_word' id='word_1_169' title='bbox 644 1181 773 1212; x_wconf 85' lang='lat' dir='ltr'><em>fames.</em></span> <span class='ocrx_word' id='word_1_170' title='bbox 843 1189 1053 1218; x_wconf 71' lang='lat' dir='ltr'><strong>MENSAEQVE</strong></span> <span class='ocrx_word' id='word_1_171' title='bbox 1078 1189 1245 1212; x_wconf 78' lang='lat' dir='ltr'><strong>REMOTAE</strong></span> <span class='ocrx_word' id='word_1_172' title='bbox 1267 1180 1345 1212; x_wconf 81' lang='lat' dir='ltr'><em>lieet</em></span> <span class='ocrx_word' id='word_1_173' title='bbox 1368 1181 1428 1212; x_wconf 84' lang='lat' dir='ltr'><em>sub</em></span> 
     </span>
     <span class='ocr_line' id='line_1_21' title="bbox 144 1234 1427 1276; baseline 0 -11"><span class='ocrx_word' id='word_1_174' title='bbox 144 1236 298 1265; x_wconf 83' lang='lat' dir='ltr'><em>extranea</em></span> <span class='ocrx_word' id='word_1_175' title='bbox 321 1245 474 1275; x_wconf 85' lang='lat' dir='ltr'><em>persona,</em></span> <span class='ocrx_word' id='word_1_176' title='bbox 494 1234 717 1273; x_wconf 74' lang='lat' dir='ltr'><em>Romanorum</em></span> <span class='ocrx_word' id='word_1_177' title='bbox 742 1236 851 1265; x_wconf 82' lang='lat' dir='ltr'><em>tamen</em></span> <span class='ocrx_word' id='word_1_178' title='bbox 872 1235 1057 1276; x_wconf 81' lang='lat' dir='ltr'><em>exsequitur</em></span> <span class='ocrx_word' id='word_1_179' title='bbox 1077 1245 1213 1275; x_wconf 87' lang='lat' dir='ltr'><em>morem,</em></span> <span class='ocrx_word' id='word_1_180' title='bbox 1237 1234 1321 1275; x_wconf 81' lang='lat' dir='ltr'><em>apud</em></span> <span class='ocrx_word' id='word_1_181' title='bbox 1347 1245 1427 1275; x_wconf 90' lang='lat' dir='ltr'><em>quos</em></span> 
     </span>
     <span class='ocr_line' id='line_1_22' title="bbox 144 1287 1157 1329; baseline 0 -11"><span class='ocrx_word' id='word_1_182' title='bbox 144 1287 226 1319; x_wconf 87' lang='lat' dir='ltr'><em>duae</em></span> <span class='ocrx_word' id='word_1_183' title='bbox 249 1298 379 1318; x_wconf 84' lang='lat' dir='ltr'><em>mensae</em></span> <span class='ocrx_word' id='word_1_184' title='bbox 404 1289 510 1318; x_wconf 88' lang='lat' dir='ltr'><em>erant:</em></span> <span class='ocrx_word' id='word_1_185' title='bbox 534 1298 599 1319; x_wconf 86' lang='lat' dir='ltr'><em>una</em></span> <span class='ocrx_word' id='word_1_186' title='bbox 623 1288 805 1328; x_wconf 83' lang='lat' dir='ltr'><em>epularum,</em></span> <span class='ocrx_word' id='word_1_187' title='bbox 830 1288 934 1319; x_wconf 70' lang='lat' dir='ltr'><em>alteri</em></span> <span class='ocrx_word' id='word_1_188' title='bbox 957 1287 1157 1329; x_wconf 78' lang='lat' dir='ltr'><em>poculorum.</em></span> 
     </span>
    </p>

    <p class='ocr_par' dir='ltr' id='par_1_8' title="bbox 144 1341 1428 1489">
     <span class='ocr_line' id='line_1_23' title="bbox 235 1341 1428 1382; baseline 0.002 -11"><span class='ocrx_word' id='word_1_189' title='bbox 235 1341 307 1372; x_wconf 83' lang='grc'><strong>724.</strong></span> <span class='ocrx_word' id='word_1_190' title='bbox 345 1349 523 1372; x_wconf 75' lang='lat' dir='ltr'><strong>CRAPERAS</strong></span> <span class='ocrx_word' id='word_1_191' title='bbox 544 1341 701 1372; x_wconf 85' lang='lat' dir='ltr'><em>Graecum</em></span> <span class='ocrx_word' id='word_1_192' title='bbox 726 1344 776 1372; x_wconf 83' lang='lat' dir='ltr'><em>est</em></span> <span class='ocrx_word' id='word_1_193' title='bbox 800 1341 840 1372; x_wconf 84' lang='lat' dir='ltr'><em>ab</em></span> <span class='ocrx_word' id='word_1_194' title='bbox 866 1353 902 1372; x_wconf 90' lang='lat' dir='ltr'><em>eo</em></span> <span class='ocrx_word' id='word_1_195' title='bbox 925 1341 1010 1382; x_wconf 86' lang='lat' dir='ltr'><em>quod</em></span> <span class='ocrx_word' id='word_1_196' title='bbox 1035 1343 1086 1373; x_wconf 87' lang='lat' dir='ltr'><em>est</em></span> <span class='ocrx_word' id='word_1_197' title='bbox 1110 1341 1174 1373; x_wconf 80' lang='lat' dir='ltr'><em>‘hie</em></span> <span class='ocrx_word' id='word_1_198' title='bbox 1199 1342 1328 1373; x_wconf 83' lang='lat' dir='ltr'><em>erater’·</em></span> <span class='ocrx_word' id='word_1_199' title='bbox 1322 1366 1328 1382; x_wconf 86' lang='lat'><em>,</em></span> <span class='ocrx_word' id='word_1_200' title='bbox 1352 1353 1428 1373; x_wconf 82' lang='lat' dir='ltr'><em>nam</em></span> 
     </span>
     <span class='ocr_line' id='line_1_24' title="bbox 144 1379 1428 1436; baseline 0.001 -11"><span class='ocrx_word' id='word_1_201' title='bbox 144 1393 259 1425; x_wconf 82' lang='lat' dir='ltr'><em>Latine</em></span> <span class='ocrx_word' id='word_1_202' title='bbox 277 1394 356 1426; x_wconf 83' lang='lat' dir='ltr'><em>haec</em></span> <span class='ocrx_word' id='word_1_203' title='bbox 375 1379 502 1426; x_wconf 54' lang='lat' dir='ltr'><em>craikra</em></span> <span class='ocrx_word' id='word_1_204' title='bbox 521 1395 651 1433; x_wconf 86' lang='lat' dir='ltr'><em>dicitur,</em></span> <span class='ocrx_word' id='word_1_205' title='bbox 671 1395 754 1426; x_wconf 89' lang='lat' dir='ltr'><em>unde</em></span> <span class='ocrx_word' id='word_1_206' title='bbox 773 1395 903 1426; x_wconf 85' lang='lat' dir='ltr'><em>Persius</em></span> <span class='ocrx_word' id='word_1_207' title='bbox 928 1395 960 1426; x_wconf 85' lang='lat' dir='ltr'><em>si</em></span> <span class='ocrx_word' id='word_1_208' title='bbox 980 1395 1055 1426; x_wconf 88' lang='lat' dir='ltr'><em>tibi</em></span> <span class='ocrx_word' id='word_1_209' title='bbox 1079 1397 1253 1427; x_wconf 72' lang='lat' dir='ltr'><em>crateras</em></span> <span class='ocrx_word' id='word_1_210' title='bbox 1273 1396 1428 1436; x_wconf 83' lang='lat' dir='ltr'><em>argenti</em></span> 
     </span>
     <span class='ocr_line' id='line_1_25' title="bbox 144 1447 1428 1489; baseline 0.002 -11"><span class='ocrx_word' id='word_1_211' title='bbox 144 1447 357 1489; x_wconf 83' lang='lat' dir='ltr'><em>incusaque</em></span> <span class='ocrx_word' id='word_1_212' title='bbox 390 1448 528 1489; x_wconf 84' lang='lat' dir='ltr'><em>pingui</em></span> <span class='ocrx_word' id='word_1_213' title='bbox 561 1459 653 1480; x_wconf 88' lang='lat' dir='ltr'><em>auro</em></span> <span class='ocrx_word' id='word_1_214' title='bbox 687 1448 786 1479; x_wconf 89' lang='lat' dir='ltr'><em>dona</em></span> <span class='ocrx_word' id='word_1_215' title='bbox 818 1448 946 1479; x_wconf 87' lang='lat' dir='ltr'><em>feram.</em></span> <span class='ocrx_word' id='word_1_216' title='bbox 1046 1457 1090 1479; x_wconf 81' lang='grc' dir='ltr'><em>ΕΤ</em></span> <span class='ocrx_word' id='word_1_217' title='bbox 1123 1458 1207 1480; x_wconf 82' lang='lat' dir='ltr'><strong>VINA</strong></span> <span class='ocrx_word' id='word_1_218' title='bbox 1242 1457 1428 1480; x_wconf 77' lang='lat' dir='ltr'><em>CORONANi</em></span> 
     </span>
    </p>
   </div>
   <div class='ocr_carea' id='block_1_5' title="bbox 145 1499 1462 1544">
    <p class='ocr_par' dir='ltr' id='par_1_9' title="bbox 145 1499 1462 1544">
     <span class='ocr_line' id='line_1_26' title="bbox 145 1499 1462 1544; baseline 0.002 -13"><span class='ocrx_word' id='word_1_219' title='bbox 145 1499 252 1532; x_wconf 80' lang='lat' dir='ltr'><em>‘vina&#39;</em></span> <span class='ocrx_word' id='word_1_220' title='bbox 285 1512 343 1542; x_wconf 91' lang='lat' dir='ltr'><em>pro</em></span> <span class='ocrx_word' id='word_1_221' title='bbox 377 1501 503 1542; x_wconf 83' lang='lat' dir='ltr'><em>poculis</em></span> <span class='ocrx_word' id='word_1_222' title='bbox 538 1502 661 1543; x_wconf 84' lang='lat' dir='ltr'><em>posuit,</em></span> <span class='ocrx_word' id='word_1_223' title='bbox 690 1504 723 1533; x_wconf 90' lang='lat' dir='ltr'><em>et</em></span> <span class='ocrx_word' id='word_1_224' title='bbox 755 1503 804 1533; x_wconf 89' lang='lat' dir='ltr'><em>est</em></span> <span class='ocrx_word' id='word_1_225' title='bbox 832 1504 944 1543; x_wconf 85' lang='lat' dir='ltr'><em>tropus</em></span> <span class='ocrx_word' id='word_1_226' title='bbox 975 1502 1188 1544; x_wconf 78' lang='lat' dir='ltr'><em>synecdoche,</em></span> <span class='ocrx_word' id='word_1_227' title='bbox 1216 1504 1252 1534; x_wconf 92' lang='lat' dir='ltr'><em>ut</em></span> <span class='ocrx_word' id='word_1_228' title='bbox 1280 1502 1428 1534; x_wconf 83' lang='lat' dir='ltr'><em>Cererem</em></span> <span class='ocrx_word' id='word_1_229' title='bbox 1449 1507 1462 1527; x_wconf 76' lang='lat'><em>‘-</em></span> 
     </span>
    </p>
   </div>
   <div class='ocr_carea' id='block_1_6' title="bbox 145 1554 1430 1757">
    <p class='ocr_par' dir='ltr' id='par_1_10' title="bbox 145 1554 1430 1757">
     <span class='ocr_line' id='line_1_27' title="bbox 145 1554 1429 1597; baseline 0.001 -11"><span class='ocrx_word' id='word_1_230' title='bbox 145 1554 280 1586; x_wconf 85' lang='lat' dir='ltr'><em>dicimus</em></span> <span class='ocrx_word' id='word_1_231' title='bbox 308 1566 367 1596; x_wconf 91' lang='lat' dir='ltr'><em>pro</em></span> <span class='ocrx_word' id='word_1_232' title='bbox 395 1555 567 1587; x_wconf 87' lang='lat' dir='ltr'><em>frumento.</em></span> <span class='ocrx_word' id='word_1_233' title='bbox 615 1555 659 1586; x_wconf 82' lang='lat' dir='ltr'><em>sic</em></span> <span class='ocrx_word' id='word_1_234' title='bbox 683 1555 820 1587; x_wconf 82' lang='lat' dir='ltr'><em>Plautus</em></span> <span class='ocrx_word' id='word_1_235' title='bbox 852 1556 979 1587; x_wconf 87' lang='lat' dir='ltr'><em>vinum</em></span> <span class='ocrx_word' id='word_1_236' title='bbox 1010 1566 1222 1597; x_wconf 79' lang='lat' dir='ltr'><em>precemur3</em></span> <span class='ocrx_word' id='word_1_237' title='bbox 1252 1567 1338 1588; x_wconf 80' lang='lat' dir='ltr'><em>nain</em></span> <span class='ocrx_word' id='word_1_238' title='bbox 1368 1556 1429 1587; x_wconf 85' lang='lat' dir='ltr'><em>hie</em></span> 
     </span>
     <span class='ocr_line' id='line_1_28' title="bbox 145 1608 1430 1650; baseline 0.001 -11"><span class='ocrx_word' id='word_1_239' title='bbox 145 1608 237 1640; x_wconf 88' lang='lat' dir='ltr'><em>deus</em></span> <span class='ocrx_word' id='word_1_240' title='bbox 265 1619 451 1649; x_wconf 87' lang='lat' dir='ltr'><em>praesens</em></span> <span class='ocrx_word' id='word_1_241' title='bbox 481 1609 599 1641; x_wconf 87' lang='lat' dir='ltr'><em>adest.</em></span> <span class='ocrx_word' id='word_1_242' title='bbox 651 1608 840 1640; x_wconf 72' lang='lat' dir='ltr'><em>‘coronant’</em></span> <span class='ocrx_word' id='word_1_243' title='bbox 871 1610 978 1640; x_wconf 87' lang='lat' dir='ltr'><em>autem</em></span> <span class='ocrx_word' id='word_1_244' title='bbox 1008 1610 1058 1640; x_wconf 90' lang='lat' dir='ltr'><em>est</em></span> <span class='ocrx_word' id='word_1_245' title='bbox 1086 1611 1142 1640; x_wconf 81' lang='lat' dir='ltr'><em>aut</em></span> <span class='ocrx_word' id='word_1_246' title='bbox 1172 1609 1299 1650; x_wconf 88' lang='lat' dir='ltr'><em>inplent</em></span> <span class='ocrx_word' id='word_1_247' title='bbox 1329 1620 1430 1650; x_wconf 83' lang='lat' dir='ltr'><em>usque</em></span> 
     </span>
     <span class='ocr_line' id='line_1_29' title="bbox 145 1661 1428 1704; baseline 0 -11"><span class='ocrx_word' id='word_1_248' title='bbox 145 1662 186 1693; x_wconf 88' lang='lat' dir='ltr'><em>ad</em></span> <span class='ocrx_word' id='word_1_249' title='bbox 210 1661 406 1704; x_wconf 82' lang='lat' dir='ltr'><em>marginem,</em></span> <span class='ocrx_word' id='word_1_250' title='bbox 431 1665 488 1694; x_wconf 88' lang='lat' dir='ltr'><em>aut</em></span> <span class='ocrx_word' id='word_1_251' title='bbox 512 1663 588 1704; x_wconf 82' lang='lat' dir='ltr'><em>quia.</em></span> <span class='ocrx_word' id='word_1_252' title='bbox 612 1662 739 1704; x_wconf 83' lang='lat' dir='ltr'><em>antiqui</em></span> <span class='ocrx_word' id='word_1_253' title='bbox 763 1663 962 1694; x_wconf 84' lang='lat' dir='ltr'><em>coronabant</em></span> <span class='ocrx_word' id='word_1_254' title='bbox 986 1662 1116 1703; x_wconf 82' lang='lat' dir='ltr'><em>poeula,</em></span> <span class='ocrx_word' id='word_1_255' title='bbox 1140 1664 1172 1693; x_wconf 89' lang='lat' dir='ltr'><em>et</em></span> <span class='ocrx_word' id='word_1_256' title='bbox 1197 1663 1243 1693; x_wconf 84' lang='lat' dir='ltr'><em>sie</em></span> <span class='ocrx_word' id='word_1_257' title='bbox 1267 1662 1428 1694; x_wconf 76' lang='lat' dir='ltr'><em>libabant:</em></span> 
     </span>
     <span class='ocr_line' id='line_1_30' title="bbox 145 1715 1430 1757; baseline 0.001 -11"><span class='ocrx_word' id='word_1_258' title='bbox 145 1715 228 1747; x_wconf 88' lang='lat' dir='ltr'><em>unde</em></span> <span class='ocrx_word' id='word_1_259' title='bbox 253 1718 302 1747; x_wconf 82' lang='lat' dir='ltr'><em>est</em></span> <span class='ocrx_word' id='word_1_260' title='bbox 331 1726 507 1757; x_wconf 86' lang='lat' dir='ltr'><em>magnum</em></span> <span class='ocrx_word' id='word_1_261' title='bbox 537 1718 690 1748; x_wconf 80' lang='lat' dir='ltr'><em>cratera</em></span> <span class='ocrx_word' id='word_1_262' title='bbox 714 1727 856 1747; x_wconf 75' lang='lat' dir='ltr'><em>corona</em></span> <span class='ocrx_word' id='word_1_263' title='bbox 883 1716 1023 1757; x_wconf 87' lang='lat' dir='ltr'><em>induit,</em></span> <span class='ocrx_word' id='word_1_264' title='bbox 1048 1715 1294 1757; x_wconf 86' lang='lat' dir='ltr'><em>inplevitque</em></span> <span class='ocrx_word' id='word_1_265' title='bbox 1318 1727 1430 1747; x_wconf 89' lang='lat' dir='ltr'><em>mero.</em></span> 
     </span>
    </p>
   </div>
   <div class='ocr_carea' id='block_1_7' title="bbox 145 1811 1429 1919">
    <p class='ocr_par' dir='ltr' id='par_1_11' title="bbox 145 1811 1429 1919">
     <span class='ocr_line' id='line_1_31' title="bbox 218 1811 1429 1848; baseline -0.001 -9"><span class='ocrx_word' id='word_1_266' title='bbox 218 1815 251 1838; x_wconf 89' lang='grc'><em>10</em></span> <span class='ocrx_word' id='word_1_267' title='bbox 270 1811 429 1848; x_wconf 80' lang='lat' dir='ltr'><em>Terentius]</em></span> <span class='ocrx_word' id='word_1_268' title='bbox 450 1813 534 1840; x_wconf 85' lang='lat' dir='ltr'><em>Andr.</em></span> <span class='ocrx_word' id='word_1_269' title='bbox 606 1814 683 1846; x_wconf 62' lang='lat' dir='ltr'><em>&#39;¹2ss</em></span> <span class='ocrx_word' id='word_1_270' title='bbox 700 1816 730 1838; x_wconf 83' lang='lat'><em>16</em></span> <span class='ocrx_word' id='word_1_271' title='bbox 751 1812 923 1846; x_wconf 78' lang='lat' dir='ltr'><em>residesque]</em></span> <span class='ocrx_word' id='word_1_272' title='bbox 940 1813 972 1839; x_wconf 91' lang='lat' dir='ltr'><em>A.</em></span> <span class='ocrx_word' id='word_1_273' title='bbox 988 1812 1025 1838; x_wconf 92' lang='lat' dir='ltr'><em>Vl</em></span> <span class='ocrx_word' id='word_1_274' title='bbox 1041 1815 1092 1839; x_wconf 84' lang='lat'><em>814</em></span> <span class='ocrx_word' id='word_1_275' title='bbox 1107 1813 1116 1846; x_wconf 74' lang='grc' dir='ltr'><em>ΙΙ</em></span> <span class='ocrx_word' id='word_1_276' title='bbox 1132 1815 1163 1838; x_wconf 78' lang='grc'><em>19</em></span> <span class='ocrx_word' id='word_1_277' title='bbox 1183 1813 1291 1847; x_wconf 84' lang='lat' dir='ltr'><em>postqu</em></span> <span class='ocrx_word' id='word_1_278' title='bbox 1287 1812 1345 1847; x_wconf 66' lang='lat' dir='ltr'><em>tm]</em></span> <span class='ocrx_word' id='word_1_279' title='bbox 1366 1813 1397 1838; x_wconf 93' lang='lat' dir='ltr'><strong>A</strong></span> <span class='ocrx_word' id='word_1_280' title='bbox 1418 1813 1429 1838; x_wconf 92' lang='lat'>1</span> 
     </span>
     <span class='ocr_line' id='line_1_32' title="bbox 145 1813 1427 1883; baseline -0.001 -9"><span class='ocrx_word' id='word_1_281' title='bbox 145 1848 276 1882; x_wconf 76' lang='lat'><em>2161122</em></span> <span class='ocrx_word' id='word_1_282' title='bbox 296 1856 429 1881; x_wconf 81' lang='lat' dir='ltr'><em>graecum</em></span> <span class='ocrx_word' id='word_1_283' title='bbox 448 1850 516 1875; x_wconf 86' lang='lat' dir='ltr'><em>est</em></span> <span class='ocrx_word' id='word_1_284' title='bbox 555 1813 683 1883; x_wconf 67' lang='lat' dir='ltr'><em>Hieram]</em></span> <span class='ocrx_word' id='word_1_285' title='bbox 708 1856 792 1876; x_wconf 84' lang='lat' dir='ltr'><em>exscr.</em></span> <span class='ocrx_word' id='word_1_286' title='bbox 813 1848 877 1874; x_wconf 90' lang='lat' dir='ltr'><em>lsid.</em></span> <span class='ocrx_word' id='word_1_287' title='bbox 903 1849 971 1882; x_wconf 85' lang='lat' dir='ltr'><em>orig</em></span> <span class='ocrx_word' id='word_1_288' title='bbox 992 1848 1040 1874; x_wconf 87' lang='lat' dir='ltr'><em>XX</em></span> <span class='ocrx_word' id='word_1_289' title='bbox 1062 1852 1086 1882; x_wconf 86' lang='lat'><em>5,</em></span> <span class='ocrx_word' id='word_1_290' title='bbox 1105 1852 1120 1874; x_wconf 87' lang='grc'><strong>3</strong></span> <span class='ocrx_word' id='word_1_291' title='bbox 1140 1848 1149 1881; x_wconf 88' lang='grc' dir='ltr'><em>ΙΙ</em></span> <span class='ocrx_word' id='word_1_292' title='bbox 1170 1852 1203 1874; x_wconf 75' lang='lat'><em>23</em></span> <span class='ocrx_word' id='word_1_293' title='bbox 1228 1848 1350 1882; x_wconf 79' lang='lat' dir='ltr'><em>Persius]</em></span> <span class='ocrx_word' id='word_1_294' title='bbox 1377 1848 1427 1874; x_wconf 85' lang='lat' dir='ltr'><em>sat.</em></span> 
     </span>
     <span class='ocr_line' id='line_1_33' title="bbox 147 1883 645 1919; baseline 0.002 -10"><span class='ocrx_word' id='word_1_295' title='bbox 147 1883 173 1909; x_wconf 88' lang='lat' dir='ltr'><em>II</em></span> <span class='ocrx_word' id='word_1_296' title='bbox 192 1884 296 1917; x_wconf 73' lang='grc'><strong>521129</strong></span> <span class='ocrx_word' id='word_1_297' title='bbox 317 1884 462 1919; x_wconf 80' lang='lat' dir='ltr'><em>magnum]</em></span> <span class='ocrx_word' id='word_1_298' title='bbox 484 1886 514 1911; x_wconf 92' lang='lat' dir='ltr'><em>A.</em></span> <span class='ocrx_word' id='word_1_299' title='bbox 536 1884 573 1910; x_wconf 83' lang='grc' dir='ltr'><em>ΙΙΙ</em></span> <span class='ocrx_word' id='word_1_300' title='bbox 593 1886 645 1910; x_wconf 78' lang='lat'><em>525</em></span> 
     </span>
    </p>
   </div>
   <div class='ocr_carea' id='block_1_8' title="bbox 147 1972 1430 2399">
    <p class='ocr_par' dir='ltr' id='par_1_12' title="bbox 147 1972 1430 2399">
     <span class='ocr_line' id='line_1_34' title="bbox 218 1972 1428 2007; baseline -0.001 -8"><span class='ocrx_word' id='word_1_301' title='bbox 218 1976 234 2000; x_wconf 84' lang='grc'><strong>6</strong></span> <span class='ocrx_word' id='word_1_302' title='bbox 253 1973 332 1999; x_wconf 79' lang='lat' dir='ltr'><em>funes</em></span> <span class='ocrx_word' id='word_1_303' title='bbox 351 1973 450 2000; x_wconf 80' lang='lat' dir='ltr'><em>addidi</em></span> <span class='ocrx_word' id='word_1_304' title='bbox 472 1974 481 2007; x_wconf 88' lang='grc' dir='ltr'><em>ΙΙ</em></span> <span class='ocrx_word' id='word_1_305' title='bbox 505 1977 519 2000; x_wconf 82' lang='lat'><strong>7</strong></span> <span class='ocrx_word' id='word_1_306' title='bbox 541 1973 638 2007; x_wconf 84' lang='lat' dir='ltr'><em>uirago</em></span> <span class='ocrx_word' id='word_1_307' title='bbox 659 1973 681 1999; x_wconf 82' lang='lat' dir='ltr'><em>O</em></span> <span class='ocrx_word' id='word_1_308' title='bbox 697 1974 707 2006; x_wconf 78' lang='grc' dir='ltr'><em>ΙΙ</em></span> <span class='ocrx_word' id='word_1_309' title='bbox 729 1977 745 2000; x_wconf 86' lang='grc'>8</span> <span class='ocrx_word' id='word_1_310' title='bbox 764 1972 929 2007; x_wconf 81' lang='lat' dir='ltr'><em>Epidaetiae</em></span> <span class='ocrx_word' id='word_1_311' title='bbox 949 1973 1061 2006; x_wconf 69' lang='lat' dir='ltr'><em>scripsi.-</em></span> <span class='ocrx_word' id='word_1_312' title='bbox 1085 1972 1207 2006; x_wconf 85' lang='lat' dir='ltr'><em>epidaeti</em></span> <span class='ocrx_word' id='word_1_313' title='bbox 1227 1972 1250 1998; x_wconf 79' lang='grc' dir='ltr'><em>Ο</em></span> <span class='ocrx_word' id='word_1_314' title='bbox 1266 1974 1275 2006; x_wconf 84' lang='grc' dir='ltr'><em>ΙΙ</em></span> <span class='ocrx_word' id='word_1_315' title='bbox 1300 1975 1315 1999; x_wconf 89' lang='grc'><strong>9</strong></span> <span class='ocrx_word' id='word_1_316' title='bbox 1335 1972 1428 1999; x_wconf 83' lang='lat' dir='ltr'><em>inhae-</em></span> 
     </span>
     <span class='ocr_line' id='line_1_35' title="bbox 147 2008 1429 2043; baseline -0.001 -8"><span class='ocrx_word' id='word_1_317' title='bbox 147 2008 249 2043; x_wconf 77' lang='lat' dir='ltr'><em>rentia]</em></span> <span class='ocrx_word' id='word_1_318' title='bbox 270 2009 419 2035; x_wconf 85' lang='lat' dir='ltr'><em>morientia</em></span> <span class='ocrx_word' id='word_1_319' title='bbox 438 2009 531 2042; x_wconf 79' lang='lat' dir='ltr'>Pn12</span> <span class='ocrx_word' id='word_1_320' title='bbox 552 2010 588 2035; x_wconf 87' lang='lat' dir='ltr'><em>ad</em></span> <span class='ocrx_word' id='word_1_321' title='bbox 607 2017 630 2036; x_wconf 80' lang='lat' dir='ltr'><em>v.</em></span> <span class='ocrx_word' id='word_1_322' title='bbox 652 2012 700 2035; x_wconf 81' lang='lat'><em>721</em></span> <span class='ocrx_word' id='word_1_323' title='bbox 722 2008 848 2043; x_wconf 82' lang='lat' dir='ltr'><em>Resides]</em></span> <span class='ocrx_word' id='word_1_324' title='bbox 873 2008 968 2042; x_wconf 85' lang='lat' dir='ltr'><em>pigros</em></span> <span class='ocrx_word' id='word_1_325' title='bbox 989 2008 1131 2042; x_wconf 81' lang='lat' dir='ltr'><em>(pigras)</em></span> <span class='ocrx_word' id='word_1_326' title='bbox 1170 2029 1175 2035; x_wconf 88' lang='lat'><em>.</em></span> <span class='ocrx_word' id='word_1_327' title='bbox 1196 2010 1354 2042; x_wconf 82' lang='lat' dir='ltr'><em>nupturam.</em></span> <span class='ocrx_word' id='word_1_328' title='bbox 1388 2017 1429 2034; x_wconf 86' lang='lat' dir='ltr'><em>re-</em></span> 
     </span>
     <span class='ocr_line' id='line_1_36' title="bbox 147 2029 1429 2079; baseline 0 -9"><span class='ocrx_word' id='word_1_329' title='bbox 147 2043 221 2070; x_wconf 84' lang='lat' dir='ltr'><em>sides</em></span> <span class='ocrx_word' id='word_1_330' title='bbox 246 2052 311 2071; x_wconf 76' lang='lat' dir='ltr'><em>sane</em></span> <span class='ocrx_word' id='word_1_331' title='bbox 335 2044 447 2078; x_wconf 88' lang='lat' dir='ltr'><em>proprie</em></span> <span class='ocrx_word' id='word_1_332' title='bbox 473 2045 613 2079; x_wconf 84' lang='lat' dir='ltr'><em>principes</em></span> <span class='ocrx_word' id='word_1_333' title='bbox 640 2044 722 2071; x_wconf 90' lang='lat' dir='ltr'><em>otiosi</em></span> <span class='ocrx_word' id='word_1_334' title='bbox 748 2045 777 2071; x_wconf 88' lang='lat' dir='ltr'><em>et</em></span> <span class='ocrx_word' id='word_1_335' title='bbox 802 2044 876 2078; x_wconf 85' lang='lat' dir='ltr'><em>pigri</em></span> <span class='ocrx_word' id='word_1_336' title='bbox 901 2044 1043 2070; x_wconf 88' lang='lat' dir='ltr'><em>dicuntur.</em></span> <span class='ocrx_word' id='word_1_337' title='bbox 1072 2029 1153 2070; x_wconf 42' lang='lat' dir='ltr'><em>unde·</em></span> <span class='ocrx_word' id='word_1_338' title='bbox 1171 2044 1268 2070; x_wconf 82' lang='lat' dir='ltr'><em>contra</em></span> <span class='ocrx_word' id='word_1_339' title='bbox 1293 2043 1429 2070; x_wconf 79' lang='lat' dir='ltr'><em>instantes</em></span> 
     </span>
     <span class='ocr_line' id='line_1_37' title="bbox 147 2079 1430 2114; baseline -0.001 -8"><span class='ocrx_word' id='word_1_340' title='bbox 147 2079 267 2106; x_wconf 79' lang='lat' dir='ltr'><em>dicimus</em></span> <span class='ocrx_word' id='word_1_341' title='bbox 285 2079 444 2107; x_wconf 86' lang='lat' dir='ltr'><em>industrios</em></span> <span class='ocrx_word' id='word_1_342' title='bbox 466 2080 493 2106; x_wconf 90' lang='lat' dir='ltr'><em>P</em></span> <span class='ocrx_word' id='word_1_343' title='bbox 505 2081 514 2114; x_wconf 92' lang='grc' dir='ltr'><em>ΙΙ</em></span> <span class='ocrx_word' id='word_1_344' title='bbox 535 2083 567 2107; x_wconf 84' lang='lat'><em>15</em></span> <span class='ocrx_word' id='word_1_345' title='bbox 587 2080 672 2106; x_wconf 84' lang='lat' dir='ltr'><em>nullis</em></span> <span class='ocrx_word' id='word_1_346' title='bbox 690 2080 749 2105; x_wconf 83' lang='lat' dir='ltr'><em>BL</em></span> <span class='ocrx_word' id='word_1_347' title='bbox 773 2080 853 2113; x_wconf 91' lang='lat' dir='ltr'><em>(nulli</em></span> <span class='ocrx_word' id='word_1_348' title='bbox 872 2080 892 2112; x_wconf 89' lang='lat' dir='ltr'><em>l)</em></span> <span class='ocrx_word' id='word_1_349' title='bbox 915 2080 925 2113; x_wconf 86' lang='grc' dir='ltr'><em>ΙΙ</em></span> <span class='ocrx_word' id='word_1_350' title='bbox 948 2079 1053 2106; x_wconf 88' lang='lat' dir='ltr'><em>resides</em></span> <span class='ocrx_word' id='word_1_351' title='bbox 1073 2087 1140 2106; x_wconf 88' lang='lat' dir='ltr'><em>sane</em></span> <span class='ocrx_word' id='word_1_352' title='bbox 1160 2100 1165 2105; x_wconf 89' lang='lat'><em>.</em></span> <span class='ocrx_word' id='word_1_353' title='bbox 1183 2100 1189 2105; x_wconf 85' lang='lat'>.</span> <span class='ocrx_word' id='word_1_354' title='bbox 1205 2100 1210 2105; x_wconf 92' lang='lat'><em>.</em></span> <span class='ocrx_word' id='word_1_355' title='bbox 1230 2079 1303 2106; x_wconf 81' lang='lat' dir='ltr'><em>viros</em></span> <span class='ocrx_word' id='word_1_356' title='bbox 1328 2080 1430 2106; x_wconf 69' lang='lat' dir='ltr'><em>Daniel</em></span> 
     </span>
     <span class='ocr_line' id='line_1_38' title="bbox 147 2109 1430 2149; baseline -0.001 -8"><span class='ocrx_word' id='word_1_357' title='bbox 147 2115 222 2141; x_wconf 81' lang='lat' dir='ltr'><em>dedit</em></span> <span class='ocrx_word' id='word_1_358' title='bbox 240 2116 272 2141; x_wconf 81' lang='lat' dir='ltr'><em>in</em></span> <span class='ocrx_word' id='word_1_359' title='bbox 290 2118 366 2142; x_wconf 76' lang='lat' dir='ltr'><em>textu</em></span> <span class='ocrx_word' id='word_1_360' title='bbox 393 2117 402 2148; x_wconf 87' lang='grc'><em>11</em></span> <span class='ocrx_word' id='word_1_361' title='bbox 431 2119 463 2142; x_wconf 87' lang='grc'><em>18</em></span> <span class='ocrx_word' id='word_1_362' title='bbox 488 2117 525 2142; x_wconf 72' lang='lat' dir='ltr'><em>acl</em></span> <span class='ocrx_word' id='word_1_363' title='bbox 542 2125 566 2143; x_wconf 82' lang='lat' dir='ltr'><em>v.</em></span> <span class='ocrx_word' id='word_1_364' title='bbox 588 2119 639 2142; x_wconf 81' lang='lat'><em>723</em></span> <span class='ocrx_word' id='word_1_365' title='bbox 664 2115 747 2147; x_wconf 82' lang='lat' dir='ltr'><em>Quies</em></span> <span class='ocrx_word' id='word_1_366' title='bbox 767 2115 869 2149; x_wconf 84' lang='lat' dir='ltr'><em>epulis]</em></span> <span class='ocrx_word' id='word_1_367' title='bbox 890 2109 1006 2149; x_wconf 82' lang='lat' dir='ltr'><em>propter</em></span> <span class='ocrx_word' id='word_1_368' title='bbox 1028 2115 1152 2149; x_wconf 85' lang='lat' dir='ltr'><em>regalem</em></span> <span class='ocrx_word' id='word_1_369' title='bbox 1173 2114 1354 2141; x_wconf 84' lang='lat' dir='ltr'><em>affluentiam.</em></span> <span class='ocrx_word' id='word_1_370' title='bbox 1378 2115 1404 2140; x_wconf 89' lang='lat' dir='ltr'><em>P</em></span> <span class='ocrx_word' id='word_1_371' title='bbox 1421 2115 1430 2149; x_wconf 79' lang='grc' dir='ltr'>Η</span> 
     </span>
     <span class='ocr_line' id='line_1_39' title="bbox 151 2150 1429 2185; baseline 0 -9"><span class='ocrx_word' id='word_1_372' title='bbox 151 2153 183 2177; x_wconf 85' lang='grc'><em>19</em></span> <span class='ocrx_word' id='word_1_373' title='bbox 203 2150 290 2177; x_wconf 81' lang='lat' dir='ltr'><em>fames</em></span> <span class='ocrx_word' id='word_1_374' title='bbox 305 2152 420 2185; x_wconf 88' lang='lat' dir='ltr'><em>propter</em></span> <span class='ocrx_word' id='word_1_375' title='bbox 435 2152 551 2178; x_wconf 86' lang='lat' dir='ltr'><em>naturae</em></span> <span class='ocrx_word' id='word_1_376' title='bbox 570 2151 781 2183; x_wconf 77' lang='lat' dir='ltr'><em>necessitatem,</em></span> <span class='ocrx_word' id='word_1_377' title='bbox 800 2159 856 2177; x_wconf 88' lang='lat' dir='ltr'><em>non</em></span> <span class='ocrx_word' id='word_1_378' title='bbox 871 2151 966 2177; x_wconf 86' lang='lat' dir='ltr'><em>autem</em></span> <span class='ocrx_word' id='word_1_379' title='bbox 980 2150 1125 2177; x_wconf 85' lang='lat' dir='ltr'><em>luxuriam.</em></span> <span class='ocrx_word' id='word_1_380' title='bbox 1146 2151 1175 2176; x_wconf 87' lang='grc'><em>1)</em></span> <span class='ocrx_word' id='word_1_381' title='bbox 1189 2151 1199 2184; x_wconf 73' lang='grc' dir='ltr'><em>ΙΙ</em></span> <span class='ocrx_word' id='word_1_382' title='bbox 1212 2154 1244 2176; x_wconf 82' lang='lat'><em>21</em></span> <span class='ocrx_word' id='word_1_383' title='bbox 1266 2150 1429 2184; x_wconf 82' lang='lat' dir='ltr'><em>poculorum</em></span> 
     </span>
     <span class='ocr_line' id='line_1_40' title="bbox 147 2185 1427 2220; baseline -0.001 -7"><span class='ocrx_word' id='word_1_384' title='bbox 147 2194 212 2212; x_wconf 74' lang='lat' dir='ltr'><em>nam</em></span> <span class='ocrx_word' id='word_1_385' title='bbox 231 2185 295 2213; x_wconf 87' lang='lat' dir='ltr'><em>ideo</em></span> <span class='ocrx_word' id='word_1_386' title='bbox 315 2186 440 2220; x_wconf 84' lang='lat' dir='ltr'><em>sequitur</em></span> <span class='ocrx_word' id='word_1_387' title='bbox 459 2187 582 2213; x_wconf 80' lang='lat' dir='ltr'><em>crateras</em></span> <span class='ocrx_word' id='word_1_388' title='bbox 601 2187 705 2213; x_wconf 77' lang='lat' dir='ltr'><em>Daniel</em></span> <span class='ocrx_word' id='word_1_389' title='bbox 723 2196 736 2213; x_wconf 91' lang='lat' dir='ltr'><em>e</em></span> <span class='ocrx_word' id='word_1_390' title='bbox 757 2186 912 2213; x_wconf 72' lang='lat' dir='ltr'><em>Cas-sellario</em></span> <span class='ocrx_word' id='word_1_391' title='bbox 931 2189 962 2213; x_wconf 87' lang='lat' dir='ltr'><em>ut</em></span> <span class='ocrx_word' id='word_1_392' title='bbox 980 2187 1088 2212; x_wconf 74' lang='lat' dir='ltr'><em>videtur</em></span> <span class='ocrx_word' id='word_1_393' title='bbox 1110 2186 1120 2220; x_wconf 86' lang='grc' dir='ltr'><em>ΙΙ</em></span> <span class='ocrx_word' id='word_1_394' title='bbox 1138 2189 1172 2212; x_wconf 81' lang='grc'><em>22</em></span> <span class='ocrx_word' id='word_1_395' title='bbox 1193 2187 1230 2213; x_wconf 74' lang='lat' dir='ltr'><em>acl</em></span> <span class='ocrx_word' id='word_1_396' title='bbox 1248 2195 1271 2213; x_wconf 86' lang='lat' dir='ltr'><em>v</em></span> <span class='ocrx_word' id='word_1_397' title='bbox 1293 2189 1345 2212; x_wconf 82' lang='lat'><em>724</em></span> <span class='ocrx_word' id='word_1_398' title='bbox 1365 2186 1427 2212; x_wconf 86' lang='lat' dir='ltr'><em>Cra</em></span> 
     </span>
     <span class='ocr_line' id='line_1_41' title="bbox 148 2221 1427 2256; baseline -0.001 -8"><span class='ocrx_word' id='word_1_399' title='bbox 148 2222 223 2248; x_wconf 75' lang='lat' dir='ltr'><em>teras</em></span> <span class='ocrx_word' id='word_1_400' title='bbox 259 2230 390 2256; x_wconf 87' lang='lat' dir='ltr'><em>graecum</em></span> <span class='ocrx_word' id='word_1_401' title='bbox 411 2244 415 2248; x_wconf 95' lang='lat'><em>.</em></span> <span class='ocrx_word' id='word_1_402' title='bbox 434 2243 438 2248; x_wconf 94' lang='lat'><em>.</em></span> <span class='ocrx_word' id='word_1_403' title='bbox 455 2243 461 2248; x_wconf 98' lang='lat'><em>.</em></span> <span class='ocrx_word' id='word_1_404' title='bbox 481 2223 554 2249; x_wconf 90' lang='lat' dir='ltr'><em>unde</em></span> <span class='ocrx_word' id='word_1_405' title='bbox 573 2222 719 2249; x_wconf 83' lang='lat' dir='ltr'><em>Persius‘</em></span> <span class='ocrx_word' id='word_1_406' title='bbox 728 2222 750 2248; x_wconf 87' lang='lat' dir='ltr'><em>si</em></span> <span class='ocrx_word' id='word_1_407' title='bbox 774 2222 827 2248; x_wconf 88' lang='lat' dir='ltr'><em>tibi</em></span> <span class='ocrx_word' id='word_1_408' title='bbox 850 2223 972 2248; x_wconf 85' lang='lat' dir='ltr'><em>crateras</em></span> <span class='ocrx_word' id='word_1_409' title='bbox 996 2221 1106 2256; x_wconf 85' lang='lat' dir='ltr'><em>argenti</em></span> <span class='ocrx_word' id='word_1_410' title='bbox 1128 2221 1287 2255; x_wconf 80' lang='lat' dir='ltr'><em>iniustaque</em></span> <span class='ocrx_word' id='word_1_411' title='bbox 1311 2222 1427 2247; x_wconf 86' lang='lat' dir='ltr'><em>multo&#39;.</em></span> 
     </span>
     <span class='ocr_line' id='line_1_42' title="bbox 148 2255 1404 2292; baseline 0 -10"><span class='ocrx_word' id='word_1_412' title='bbox 148 2255 221 2283; x_wconf 76' lang='lat' dir='ltr'><em>Vina</em></span> <span class='ocrx_word' id='word_1_413' title='bbox 252 2266 303 2291; x_wconf 85' lang='lat' dir='ltr'><em>pro</em></span> <span class='ocrx_word' id='word_1_414' title='bbox 322 2258 429 2291; x_wconf 82' lang='lat' dir='ltr'><em>poculis</em></span> <span class='ocrx_word' id='word_1_415' title='bbox 449 2258 550 2292; x_wconf 84' lang='lat' dir='ltr'><em>posuit.</em></span> <span class='ocrx_word' id='word_1_416' title='bbox 579 2259 732 2292; x_wconf 72' lang='lat' dir='ltr'><em>Coronant}</em></span> <span class='ocrx_word' id='word_1_417' title='bbox 753 2259 846 2284; x_wconf 72' lang='lat' dir='ltr'><em>autem</em></span> <span class='ocrx_word' id='word_1_418' title='bbox 866 2257 927 2290; x_wconf 82' lang='lat' dir='ltr'><em>(ait)</em></span> <span class='ocrx_word' id='word_1_419' title='bbox 942 2258 1047 2287; x_wconf 87' lang='lat' dir='ltr'><em>estant</em></span> <span class='ocrx_word' id='word_1_420' title='bbox 1061 2257 1206 2291; x_wconf 85' lang='lat' dir='ltr'><em>implent.</em></span> <span class='ocrx_word' id='word_1_421' title='bbox 1246 2279 1250 2283; x_wconf 94' lang='lat'><em>.</em></span> <span class='ocrx_word' id='word_1_422' title='bbox 1271 2265 1354 2283; x_wconf 87' lang='lat' dir='ltr'><em>mero.</em></span> <span class='ocrx_word' id='word_1_423' title='bbox 1377 2257 1404 2281; x_wconf 74' lang='lat'><em>1¹</em></span> 
     </span>
     <span class='ocr_line' id='line_1_43' title="bbox 149 2280 1429 2327; baseline -0.001 -9"><span class='ocrx_word' id='word_1_424' title='bbox 149 2294 183 2318; x_wconf 75' lang='lat'><em>24</em></span> <span class='ocrx_word' id='word_1_425' title='bbox 201 2291 364 2326; x_wconf 79' lang='lat' dir='ltr'><em>inclusaque</em></span> <span class='ocrx_word' id='word_1_426' title='bbox 383 2294 447 2319; x_wconf 89' lang='lat' dir='ltr'><em>LH</em></span> <span class='ocrx_word' id='word_1_427' title='bbox 451 2294 488 2319; x_wconf 88' lang='lat' dir='ltr'><em>M</em></span> <span class='ocrx_word' id='word_1_428' title='bbox 506 2294 610 2326; x_wconf 82' lang='lat' dir='ltr'><em>(Persii</em></span> <span class='ocrx_word' id='word_1_429' title='bbox 623 2302 728 2320; x_wconf 77' lang='lat' dir='ltr'><em>versum</em></span> <span class='ocrx_word' id='word_1_430' title='bbox 743 2302 792 2320; x_wconf 84' lang='lat' dir='ltr'><em>om.</em></span> <span class='ocrx_word' id='word_1_431' title='bbox 807 2293 844 2326; x_wconf 90' lang='lat' dir='ltr'><em>B)</em></span> <span class='ocrx_word' id='word_1_432' title='bbox 859 2293 916 2327; x_wconf 81' lang='grc'><strong>1128</strong></span> <span class='ocrx_word' id='word_1_433' title='bbox 935 2293 1063 2319; x_wconf 81' lang='lat' dir='ltr'><em>libabant</em></span> <span class='ocrx_word' id='word_1_434' title='bbox 1081 2293 1146 2319; x_wconf 84' lang='grc' dir='ltr'><em>ΒΗ</em></span> <span class='ocrx_word' id='word_1_435' title='bbox 1151 2293 1198 2319; x_wconf 88' lang='grc' dir='ltr'><em>Μ</em></span> <span class='ocrx_word' id='word_1_436' title='bbox 1218 2292 1353 2319; x_wconf 86' lang='lat' dir='ltr'><em>bibebant</em></span> <span class='ocrx_word' id='word_1_437' title='bbox 1366 2292 1394 2317; x_wconf 71' lang='lat'><em>1³</em></span> <span class='ocrx_word' id='word_1_438' title='bbox 1405 2280 1429 2318; x_wconf 82' lang='lat' dir='ltr'><em>et</em></span> 
     </span>
     <span class='ocr_line' id='line_1_44' title="bbox 149 2327 1429 2363; baseline 0 -10"><span class='ocrx_word' id='word_1_439' title='bbox 149 2327 252 2354; x_wconf 78' lang='lat' dir='ltr'><em>Dam&#39;el</em></span> <span class='ocrx_word' id='word_1_440' title='bbox 270 2327 362 2354; x_wconf 87' lang='lat' dir='ltr'><em>libant</em></span> <span class='ocrx_word' id='word_1_441' title='bbox 380 2329 405 2354; x_wconf 91' lang='lat' dir='ltr'><em>L</em></span> <span class='ocrx_word' id='word_1_442' title='bbox 424 2329 562 2362; x_wconf 70' lang='lat' dir='ltr'><em>(libabant</em></span> <span class='ocrx_word' id='word_1_443' title='bbox 582 2330 600 2362; x_wconf 91' lang='lat' dir='ltr'><em>l)</em></span> <span class='ocrx_word' id='word_1_444' title='bbox 623 2331 632 2363; x_wconf 74' lang='grc' dir='ltr'><em>ΙΙ</em></span> <span class='ocrx_word' id='word_1_445' title='bbox 654 2333 686 2355; x_wconf 77' lang='lat'><em>29</em></span> <span class='ocrx_word' id='word_1_446' title='bbox 712 2338 796 2355; x_wconf 82' lang='lat' dir='ltr'><em>mero.</em></span> <span class='ocrx_word' id='word_1_447' title='bbox 833 2329 887 2356; x_wconf 85' lang='lat' dir='ltr'><em>hoe</em></span> <span class='ocrx_word' id='word_1_448' title='bbox 906 2329 1027 2355; x_wconf 82' lang='lat' dir='ltr'><em>tractum</em></span> <span class='ocrx_word' id='word_1_449' title='bbox 1047 2329 1091 2354; x_wconf 84' lang='lat' dir='ltr'><em>est</em></span> <span class='ocrx_word' id='word_1_450' title='bbox 1109 2337 1142 2354; x_wconf 83' lang='lat' dir='ltr'><em>ex</em></span> <span class='ocrx_word' id='word_1_451' title='bbox 1162 2329 1296 2360; x_wconf 82' lang='lat' dir='ltr'><em>Homero,</em></span> <span class='ocrx_word' id='word_1_452' title='bbox 1321 2327 1369 2360; x_wconf 88' lang='lat' dir='ltr'><em>qui</em></span> <span class='ocrx_word' id='word_1_453' title='bbox 1389 2327 1429 2353; x_wconf 80' lang='lat' dir='ltr'><em>ait</em></span> 
     </span>
     <span class='ocr_line' id='line_1_45' title="bbox 149 2362 1130 2399; baseline 0.002 -11"><span class='ocrx_word' id='word_1_454' title='bbox 149 2362 178 2388; x_wconf 85' lang='lat' dir='ltr'><em>in</em></span> <span class='ocrx_word' id='word_1_455' title='bbox 197 2362 283 2390; x_wconf 76' lang='lat' dir='ltr'><em>Iliade</em></span> <span class='ocrx_word' id='word_1_456' title='bbox 303 2363 325 2397; x_wconf 85' lang='lat' dir='ltr'><em>(I</em></span> <span class='ocrx_word' id='word_1_457' title='bbox 345 2366 406 2398; x_wconf 81' lang='lat'>470)</span> <span class='ocrx_word' id='word_1_458' title='bbox 426 2365 523 2398; x_wconf 82' lang='grc' dir='ltr'><em>κοῦροι</em></span> <span class='ocrx_word' id='word_1_459' title='bbox 542 2364 595 2399; x_wconf 71' lang='grc' dir='ltr'><em>μὲν</em></span> <span class='ocrx_word' id='word_1_460' title='bbox 614 2365 753 2399; x_wconf 79' lang='grc' dir='ltr'><strong><em>κρητῆρας</em></strong></span> <span class='ocrx_word' id='word_1_461' title='bbox 772 2362 965 2398; x_wconf 75' lang='grc' dir='ltr'><strong><em>ἐπεστέψαντο</em></strong></span> <span class='ocrx_word' id='word_1_462' title='bbox 984 2367 1081 2390; x_wconf 76' lang='grc' dir='ltr'><em>ποτοῖο</em></span> <span class='ocrx_word' id='word_1_463' title='bbox 1102 2364 1130 2389; x_wconf 86' lang='lat' dir='ltr'><em>D</em></span> 
     </span>
    </p>
   </div>
   <div class='ocr_carea' id='block_1_9' title="bbox 1448 703 1480 726">
    <p class='ocr_par' dir='ltr' id='par_1_13' title="bbox 1448 703 1480 726">
     <span class='ocr_line' id='line_1_46' title="bbox 1448 703 1480 726; baseline 0 0"><span class='ocrx_word' id='word_1_464' title='bbox 1448 703 1480 726; x_wconf 89' lang='lat'><em>10</em></span> 
     </span>
    </p>
   </div>
   <div class='ocr_carea' id='block_1_10' title="bbox 1449 971 1480 993">
    <p class='ocr_par' dir='ltr' id='par_1_14' title="bbox 1449 971 1480 993">
     <span class='ocr_line' id='line_1_47' title="bbox 1449 971 1480 993; baseline 0 0"><span class='ocrx_word' id='word_1_465' title='bbox 1449 971 1480 993; x_wconf 83' lang='lat'><em>15</em></span> 
     </span>
    </p>
   </div>
   <div class='ocr_carea' id='block_1_11' title="bbox 1449 1238 1482 1260">
    <p class='ocr_par' dir='ltr' id='par_1_15' title="bbox 1449 1238 1482 1260">
     <span class='ocr_line' id='line_1_48' title="bbox 1449 1238 1482 1260; baseline -0.03 0"><span class='ocrx_word' id='word_1_466' title='bbox 1449 1238 1482 1260; x_wconf 74' lang='lat'><em>2¹0</em></span> 
     </span>
    </p>
   </div>
  </div>
 </body>
</html>
