1630 2684
477 173 592 202 COMM.
611 173 652 201 IN
669 172 776 206 VERG.
796 173 881 201 AEN.
901 174 934 201 Π.
956 177 1105 201 167—172.
1366 173 1431 205 249

0 239 7 306 ζ
146 257 267 290 thracia
301 257 429 289 Troiam
461 255 665 288 translatum:
700 256 759 287 alii
790 256 891 288 rnulta
920 256 1018 296 fuisse
1049 256 1212 296 Palladia,
1244 257 1298 289 sed
1326 256 1381 289 hoe
1412 267 1433 288 a

146 312 294 344 Diomede
316 313 345 343 et
372 310 464 343 Ulioee
484 309 570 350 furto
592 309 731 342 ablatum
755 310 890 342 tradunt.

0 360 11 422 ξ
238 365 309 397 167.
346 372 484 397 SAORAM
507 371 680 395 EFFIGIEM
709 363 803 405 quasi
830 363 866 395 cle
895 363 984 395 caelo
1013 364 1149 405 lapsam.
1194 366 1222 395 et
1251 366 1310 396 tres
1338 364 1433 397 simul

0 423 7 455 ἢ
148 429 197 451 res
219 418 312 459 dixit,
334 427 430 458 quare
451 427 566 449 numen
589 417 788 449 irasceretur:
816 417 897 458 quod
918 417 1071 449 antistites
1094 418 1187 456 eaesi,
1215 418 1297 458 quod
1320 418 1432 450 tollere-

0 433 11 517 ἒ
147 475 212 514 tur,
235 472 317 512 quod
338 471 472 503 cruentis
494 471 648 503 manibus.
1452 478 1467 501 5

0 517 7 546 ἶ
238 525 310 557 169.
347 534 394 557 Ex
417 533 499 557 ILLO
527 524 629 565 facto,
658 525 709 556 vel
738 526 893 566 tempore.
998 533 1138 556 FLVERE
1162 525 1270 557 delabi.
1315 527 1344 556 et
1366 525 1434 556 τῶν

0 583 12 604 3
147 577 258 621 μέσων
278 580 341 620 est3
360 589 435 610 nam
455 578 526 610 ideo
543 578 667 611 addidit
686 578 816 611 ‘retro'.
850 580 968 610 eontra
988 577 1162 611 Sallustius
1183 579 1298 611 rebus
1319 590 1434 620 supra

0 605 9 698 ἰ
100 634 105 638 ’
146 634 238 665 vota
260 632 490 664 fluentibus.

240 686 310 718 170.
348 694 485 718 AVERSA
508 695 602 717 DEAE
627 694 719 718 MENS
748 688 883 727 propter
906 686 986 718 illud
1011 685 1241 727 ‘manibusque
1265 685 1434 717 cruentis’.

239 740 312 771 171.
350 747 522 772 TRITONIA
541 741 598 771 aut
617 739 709 781 quasi
723 739 896 781 terribilis,
915 736 979 772 ἀπὸ
995 740 1056 771 τοῦ
1070 745 1171 782 τρεῖν,
1190 739 1223 770 id
1239 741 1289 771 est
1309 739 1434 778 timere,
1455 746 1487 769 10

147 795 204 835 aut
227 804 248 824 a
274 793 399 825 Tritone
421 803 513 826 amne
535 793 696 832 Boeotiae,
724 795 781 825 aut
806 804 827 825 a
852 793 1012 826 Tritonide
1033 793 1151 834 palude
1173 793 1318 834 Africae,
1346 794 1434 825 iuxta

148 857 242 888 quam
271 849 348 879 nata
378 847 505 885 dicitur,
536 846 710 879 secundum
740 846 906 879 Lucanum
936 846 1002 888 <IX
1032 847 1118 888 354>
1150 849 1186 878 et
1217 857 1256 878 se
1287 847 1433 879 dilecta

108 908 112 912 “
146 900 353 932 Tritonida
383 899 486 932 dixit
515 900 559 932 ab
588 900 697 932 unda.
744 911 820 932 sane
850 900 1031 932 ‘Tritonia'
1062 900 1344 932 antonomasivum
1373 903 1432 942 est,

152 954 228 996 quia
250 954 418 996 proprium
443 955 492 986 est
514 954 691 986 Minervae:
717 965 793 986 nam
813 954 959 996 epitheta
978 956 1053 986 sunt
1077 965 1159 996 quae
1178 954 1276 986 variis
1295 956 1433 996 possunt

147 1008 199 1040 vel
222 1008 369 1050 personis
392 1008 445 1040 vel
469 1008 565 1039 rebus
585 1007 714 1050 adponi.
753 1009 785 1040 et
803 1008 884 1040 haec
904 1010 995 1040 caute
1016 1007 1219 1039 observanda
1238 1009 1323 1050 sunt,
1348 1008 1433 1040 siout
1456 1013 1489 1037 15

153 1064 186 1094 et
217 1062 351 1104 propria
383 1062 529 1103 nomina,
562 1073 644 1104 quae
676 1062 865 1105 plerumque
895 1073 933 1094 ex
962 1061 1170 1103 appellativis
1199 1063 1288 1103 sunt,
1320 1064 1357 1094 ut
1386 1063 1436 1094 est

148 1115 265 1148 Victor
289 1116 339 1148 vel
363 1115 465 1148 Felix.

0 1181 20 1198 ὃ
246 1170 317 1202 172.
354 1179 415 1201 le
439 1170 534 1201 modo
564 1169 672 1202 ‘mox'
695 1170 859 1211 signifieat.
953 1183 1071 1202 casrms
1086 1180 1147 1210 pro
1170 1170 1205 1201 in
1228 1170 1346 1202 castris.

151 1236 345 1256 smnacnvu
368 1224 448 1256 inter
471 1227 661 1271 chcratas
683 1234 743 1263 res,
771 1225 807 1256 id
827 1227 872 1256 est
893 1225 993 1262 aedes,
1017 1234 1119 1265 areas,
1147 1224 1239 1255 etiam
1267 1223 1437 1255 simulacra

153 1277 354 1318 accipiuntur,
378 1279 460 1318 quod
481 1278 515 1309 in
538 1278 680 1310 bucolicis
700 1277 785 1318 <VII
799 1276 863 1320 31>
882 1279 1031 1318 scriptum
1055 1279 1105 1309 est.
1133 1277 1182 1309 hie
1205 1287 1274 1318 erqo
1294 1277 1360 1317 ipso
1383 1288 1435 1308 no·
1454 1282 1489 1306 ‘20

150 1331 234 1363 mine
262 1331 428 1364 >simulacri
450 1332 703 1364 consecrationem
726 1332 791 1364 eius
814 1332 958 1369 ostendit;
989 1331 1058 1371 quis
1080 1331 1162 1362 enirn
1185 1331 1309 1372 iynorat
1330 1330 1436 1363 Palla-

150 1385 237 1417 dium
264 1385 466 1417 simulacrum
496 1386 664 1418 Minervae*
687 1385 771 1417 esse?
817 1396 911 1426 quam
941 1387 1043 1416 autem
1073 1395 1196 1416 sacrum
1225 1385 1335 1425 fuerit,
1365 1385 1437 1417 hine

123 1453 125 1455 ·
145 1440 236 1480 docet,
263 1439 345 1479 quod
365 1440 412 1471 ait
437 1439 504 1472 ‘nee
526 1440 628 1472 dubiis
651 1450 688 1471 ea
710 1440 802 1480 siyna
825 1440 907 1471 dedit
930 1439 1074 1471 Tritonia
1096 1439 1251 1471 monstris.
1280 1440 1334 1471 vix
1350 1440 1435 1479 posi-

151 1498 215 1524 turn
238 1492 364 1525 eastris’
388 1495 417 1525 et
439 1494 570 1534 reliqua,
593 1496 629 1525 ut
646 1496 808 1534 appareat,
836 1496 864 1525 et
892 1493 954 1525 loeo
976 1495 1094 1525 motum
1121 1493 1184 1524 vim
1212 1495 1314 1524 tamen
1337 1503 1434 1525 eonse-

223 1602 238 1626 7
254 1598 415 1634 Sallustius]
430 1599 494 1625 hist.
509 1599 608 1634 fragm.
624 1599 677 1626 inc.
695 1602 727 1625 70
742 1599 789 1626 Kr.
804 1600 814 1633 ΙΙ
829 1602 862 1625 10
878 1598 1006 1625 Tritonia
1022 1599 1072 1625 aut
1085 1598 1164 1633 quasi
1178 1598 1311 1626 terribilis
1327 1606 1349 1626 e.
1362 1607 1387 1632 q.
1401 1598 1433 1632 s.]

151 1643 237 1662 exscr.
257 1635 396 1669 mythogr.
417 1635 455 1661 III
476 1638 517 1669 10,
538 1638 550 1661 1
573 1636 640 1661 extr.
661 1634 695 1661 cf.
716 1635 779 1661 Isid.
801 1635 870 1669 orig.
890 1635 954 1661 VIII
975 1638 1017 1668 11,
1039 1638 1072 1661 74

224 1736 239 1760 3
259 1733 370 1767 lapsum
390 1732 450 1760 GH
465 1733 575 1767 lapsam
594 1742 627 1760 ex
645 1733 756 1767 lapsum
775 1733 801 1759 L
814 1734 824 1767 ΙΙ
846 1737 862 1760 4
881 1733 1034 1768 antistites]
1054 1733 1127 1760 areis
1145 1734 1202 1760 tres
1222 1732 1327 1759 Daniel
1340 1734 1350 1767 ΙΙ
1364 1736 1379 1759 6
1400 1733 1437 1758 ad

152 1778 176 1796 v.
200 1772 249 1796 169
268 1769 310 1795 Ex
329 1768 391 1803 illo]
411 1768 487 1796 facto
506 1769 552 1796 vel
571 1770 706 1803 tempore.
743 1769 855 1804 Fluere]
882 1768 976 1795 delabi
995 1768 1135 1802 (delapsi).
1160 1769 1188 1795 et
1207 1769 1250 1795 est
1268 1768 1323 1794 τῶν
1343 1767 1436 1802 μέσων

151 1806 213 1836 (ton
231 1806 352 1838 meson);
371 1813 437 1830 nam
456 1804 520 1831 ideo
540 1804 650 1831 addidit
671 1804 788 1831 ‘retro'.
810 1805 837 1830 P
854 1805 863 1839 ΙΙ
881 1804 969 1839 facto]
990 1804 1049 1830 fato
1070 1805 1107 1830 M
1119 1805 1128 1838 ΙΙ
1149 1805 1177 1830 et
1196 1805 1239 1830 est
1259 1803 1282 1830 G
1298 1805 1335 1837 117
1356 1803 1437 1830 addit

152 1840 256 1867 Daniel
275 1840 285 1875 {l
304 1839 454 1867 Sallustius
473 1842 589 1867 econtra
609 1840 632 1867 C'
649 1843 674 1866 et
692 1840 796 1867 Daniel
813 1841 823 1874 ΙΙ
842 1848 925 1874 super
943 1840 1048 1866 Daniel
1061 1841 1070 1873 ΙΙ
1085 1843 1100 1866 9
1124 1848 1244 1866 AnvnnsA
1266 1839 1302 1865 M
1318 1840 1328 1872 ss
1348 1842 1380 1865 10
1400 1839 1436 1865 ad

151 1885 176 1903 v.
197 1879 247 1903 171
272 1875 410 1910 Tritonia]
439 1884 456 1902 a
479 1876 593 1903 Tritone
625 1884 706 1902 amno
730 1877 835 1909 (amno)
860 1875 1008 1910 Boeotiae,
1036 1877 1086 1902 aut
1114 1884 1131 1901 a.
1159 1872 1311 1903 Tritonide
1334 1874 1436 1908 palude

153 1911 279 1945 Africae,
299 1911 377 1938 iuxta
396 1920 480 1946 quam
499 1913 567 1938 nata
587 1911 696 1938 dieitur.
731 1911 883 1938 secundum
903 1913 998 1938 autem
1016 1911 1167 1938 Lucanum.
1201 1919 1218 1936 a
1236 1909 1362 1944 personis
1381 1911 1436 1943 (so-

151 1947 205 1980 nis)
224 1947 271 1974 uel
292 1947 374 1974 rebus
393 1947 506 1980 apponi.
544 1948 573 1974 et
591 1947 661 1974 haec
681 1968 685 1973 .
703 1968 708 1973 .
726 1968 731 1973 .
752 1955 786 1973 ex
805 1947 986 1981 appellatiuis
1006 1947 1079 1973 sunt.
1104 1946 1132 1972 P
1152 1947 1162 1979 fl
1185 1947 1236 1972 aut
1255 1967 1259 1972 .
1277 1967 1282 1972 .
1299 1968 1305 1973 .
1324 1945 1436 1979 timere]

153 1984 203 2010 aut
220 1992 247 2016 q.
266 1982 342 2009 inter
364 1982 468 2009 nubilis
495 1980 551 2009 ἀπὸ
573 1983 622 2009 τοῦ
642 1985 792 2016 θροεικοαι
810 1986 821 2009 ’1'
845 1983 945 2009 timore
966 1982 989 2009 (J
1015 1983 1064 2009 aut
1086 1982 1167 2016 quasi
1190 1981 1354 2008 intenibilis
1379 1978 1435 2007 ἀπὸ

152 2019 202 2045 τοῦ
222 2020 376 2053 θροεῖσθαι
396 2018 424 2044 id
444 2019 487 2045 est
505 2018 605 2045 timere
626 2018 729 2045 Daniel
743 2020 752 2051 ΙΙ
765 2027 822 2045 ano
838 2028 959 2044 'terim-m
974 2018 1000 2044 L
1014 2019 1132 2051 (immi-11⁸1
1147 2018 1178 2043 in
1193 2025 1245 2043 ras.
1263 2018 1282 2049 l)
1304 2026 1437 2043 mom-mu

154 2055 188 2081 H
204 2064 258 2080 Λπο
278 2063 330 2081 Tou
348 2064 409 2080 'rans
430 2054 501 2080 ME
522 2055 531 2087 ΙΙ
554 2054 583 2080 id
602 2054 656 2089 est]
677 2054 752 2088 quod
772 2054 815 2080 est
835 2054 888 2080 Me
911 2054 920 2087 ΙΙ
944 2057 976 2080 12
997 2054 1140 2080 Lucanum
1175 2052 1223 2086 qui
1242 2052 1283 2079 ait
1301 2053 1364 2079 add.
1384 2061 1410 2078 m
1428 2052 1437 2078 ,Η

153 2090 264 2117 delecta
283 2098 316 2116 ex
335 2089 440 2116 dilecta
461 2090 494 2116 H
513 2090 523 2123 ΙΙ
547 2093 579 2116 13
604 2089 748 2123 trytonida
767 2090 800 2115 H
820 2091 829 2123 ΙΙ
852 2089 908 2116 hab
927 2089 962 2115 H
980 2090 990 2123 ΙΙ
1012 2089 1048 2116 ab
1067 2089 1142 2115 unda
1178 2088 1223 2114 uel
1242 2088 1369 2114 Tritonia
1388 2097 1438 2122 per

155 2123 353 2160 ἕτυμολογίαν,
376 2125 443 2159 quia
469 2134 531 2152 cum
555 2125 592 2152 sit
615 2125 649 2151 de
669 2125 820 2159 sapientia,
845 2125 875 2151 in
901 2126 994 2159 partes
1017 2126 1074 2151 tres
1101 2124 1249 2151 diuiditur:
1275 2123 1305 2150 in
1333 2123 1437 2150 intelli-

153 2161 279 2196 gentiam
302 2161 337 2188 de
360 2162 487 2194 tempore
511 2160 665 2195 praesenti,
690 2160 720 2187 in
743 2160 952 2195 prouidentiam
973 2160 1006 2187 de
1030 2160 1138 2193 futuro,
1162 2160 1192 2186 in
1214 2158 1379 2186 memoriam
1403 2159 1437 2185 de

154 2197 279 2231 tempore
307 2196 460 2231 praeterito
490 2197 553 2224 adtl.
579 2197 607 2222 D
630 2198 640 2230 11
668 2196 722 2231 est]
752 2196 782 2222 id
809 2197 853 2223 est
878 2196 939 2222 uice
966 2195 1088 2222 nominis
1117 2195 1232 2230 ponitur
1260 2203 1329 2229 quae
1356 2195 1437 2228 vulqo

155 2233 311 2265 adamatur,
329 2233 381 2259 mei
399 2233 466 2259 libri
484 2233 612 2273 ornittunt
630 2233 640 2266 ΙΙ
660 2235 692 2280 1}
712 2232 838 2280 mitiorua
858 2232 908 2258 Ml
926 2232 935 2266 ΙΙ
955 2234 987 2258 15
1008 2231 1181 2272 obseruande
1203 2231 1251 2271 P]
1271 2234 1303 2257 16
1323 2230 1437 2256 numina

0 2283 12 2321 ἒ»
156 2267 273 2338 ffm'lrssi
289 2268 338 2330 'aa‘
356 2268 660 2337 'zzeffimfflffiffifl
686 2276 765 2330 53⁰3}
785 2267 973 2338 eiiffnkffrissl‘se
987 2267 1158 2337 3⁸3⁸}ng
1174 2267 1342 2328 &¹3¹3ss}ss
1352 2274 1437 2327 2353&

156 2338 272 2371 Daniel,
291 2347 375 2372 neque
393 2339 559 2366 Fuldensem
578 2340 721 2366 dissentire
740 2339 900 2365 adnotatum
920 2342 965 2365 est.
1003 2339 1037 2372 cf.
1058 2339 1095 2365 ad
1114 2339 1171 2365 bue.
1192 2338 1243 2364 VII
1262 2340 1293 2363 31
1310 2337 1319 2370 ΙΙ
1339 2339 1373 2362 20
1392 2345 1437 2363 ac-

158 2373 298 2408 cipiuntur
318 2374 358 2400 P:
377 2374 519 2409 accipiunt
537 2375 642 2401 Daniel
660 2375 746 2401 edidit
769 2383 854 2408 neque
877 2375 908 2401 in
927 2375 1076 2408 appendice
1094 2375 1239 2408 quiequam
1259 2372 1409 2399 adnotavit.
1428 2371 1438 2406 Η

158 2412 192 2436 24
212 2409 264 2436 etsi
282 2410 345 2437 loco
365 2411 471 2437 motum
491 2411 559 2437 coni.
579 2411 761 2437 Burmannus

2 2318 9 2348 «ι-
0 1375 15 2279 tq:yWWQwQWW-wwoemwmzmn-rw-xww
0 1314 6 1363 ww*-
0 1274 5 1295 ⁴¹2
0 1241 6 1261 -τ-
0 1190 9 1215 ‘v
0 1163 1 1166 „
