1630 2684
419 148 533 177 COMM.
555 149 593 175 IN
612 148 720 176 VERG.
740 149 825 176 AEN.
844 149 864 175 I.
885 152 1034 176 431—438.
1306 151 1370 182 143

175 230 250 264 435.
287 239 447 263 IGNAVVM
477 230 609 272 inutile,
638 241 703 262 non
728 232 840 272 aptum
864 230 1058 273 industriae3
1088 243 1163 264 nam
1194 232 1370 264 industrios

84 295 186 317 navos
209 284 354 316 dicimus.
444 291 555 316 Fvcos
585 284 760 316 secundum
783 279 927 316 Plinium
955 296 1052 326 apum
1080 285 1184 317 multa
1213 288 1288 318 sunt
1318 296 1371 327 ge-

85 348 171 370 nera.
216 337 346 380 proprie
369 338 481 368 tamen
505 348 581 378 apes
604 339 761 369 vocantur
789 339 880 370 ortae
903 337 942 369 de
967 338 1085 379 bubus,
1114 338 1179 369 fuci
1203 338 1242 370 de
1271 339 1371 381 equis,

87 391 261 424 crabrones
291 390 330 423 de
353 389 464 431 mulis,
492 401 609 432 vespae
638 390 677 423 de
706 391 814 423 asinis.
861 391 952 423 fucus
981 393 1090 424 autem
1119 393 1169 423 est
1197 391 1371 423 secundum

87 444 263 477 Aemilium
286 443 431 476 Macrum
462 444 586 476 maior
614 455 699 486 ape,
728 445 914 477 crabrone
943 445 1075 477 minor.
1165 454 1272 478 PEcvs
1296 446 1371 477 dici-

85 509 156 531 mus
180 508 274 530 omne
299 497 384 539 quod
407 497 550 529 humana
578 497 690 539 lingua
719 500 752 530 et
776 498 883 540 effigie
909 500 1010 540 caret,
1038 499 1073 531 id
1099 501 1142 531 est
1169 509 1190 530 a
1210 500 1372 540 pascendo.

84 551 169 584 unde
200 551 358 584 Horatius
391 562 498 583 omne
532 562 613 583 cum
646 551 809 584 Proteus
843 563 959 593 pecus
994 552 1076 593 egit
1109 552 1212 584 altos
1245 553 1371 584 visere
1415 583 1418 585 ,

84 606 243 637 montes.
288 604 426 636 Plautus
453 604 642 636 clurinum
665 615 777 646 pecus
804 605 932 636 simiam
960 605 1048 637 dixit.
1139 614 1371 638 PRAESEPIBVS

85 657 248 691 alveariis.
293 659 327 690 et
350 659 402 689 est
425 658 613 699 translatio,
643 669 726 699 quae
755 658 793 690 fit
821 658 972 700 quotiens
1001 658 1053 690 vel
1082 659 1172 691 deest
1200 659 1371 692 verborum

83 711 281 754 proprietas,
304 711 355 743 vel
379 711 502 743 vitatur
525 711 667 743 iteratio.

173 765 248 797 436.
285 773 422 797 FERVET
447 765 705 806 concelebratur,
735 766 772 796 ut
795 766 909 796 contra
938 764 1068 806 ‘friget'
1093 767 1199 797 cessat
1227 765 1372 808 dicimus,

84 820 122 850 ut
145 817 315 851 Terentius
338 819 519 850 nimirum
542 818 605 850 hic
628 818 804 851 homines
829 818 985 860 frigent.
1072 832 1226 851 amoram
1246 820 1372 860 quidam

85 873 165 905 olere
196 883 245 905 res
276 873 323 905 vel
354 873 456 904 malas
483 873 529 904 vel
561 872 671 914 boreas,
702 873 835 904 redolere
866 874 987 904 tantum
1020 872 1115 904 bonas
1148 873 1283 905 tradunt.

85 934 313 958 FRAGRANTIA
338 926 488 968 quotiens
513 926 698 958 incendium
723 926 940 968 significatur,
965 925 1049 967 quod
1074 926 1154 958 flatu
1178 926 1293 968 alitur,
1315 938 1373 968 per

85 978 120 1011 ‘1'
137 979 287 1021 dicimus,
304 976 453 1022 quotiens
473 979 560 1021 odor,
578 979 632 1021 qui
652 979 756 1011 fracta
776 979 882 1021 specie
902 980 1004 1011 maior
1020 981 1078 1021 est,
1093 990 1151 1021 per
1166 979 1205 1011 ‘r'
1226 979 1372 1011 dicimus.

85 1033 251 1065 sciendum
280 1044 356 1065 sane
384 1032 468 1064 nihil
497 1032 531 1063 in
558 1032 620 1064 hac
648 1043 762 1064 vacare
792 1033 1034 1074 conparatione.
1084 1043 1161 1064 nam
1189 1032 1373 1069 Poenonim

86 1085 178 1128 operi
201 1097 298 1128 apum
322 1086 430 1127 labor,
459 1085 625 1118 custodiae
653 1086 788 1118 litorum
816 1086 979 1118 adversum
1007 1086 1197 1127 alienigenas
1226 1087 1372 1119 fucorum

86 1141 282 1182 conparatur
305 1139 462 1181 expulsio.

174 1193 249 1226 437.
287 1202 309 1226 o
334 1201 536 1226 FossrvnArr
560 1202 706 1231 QVORVM
732 1202 795 1225 ΙΑΜ
815 1202 952 1226 MOENIA
975 1202 1136 1225 svacvnr
1156 1194 1238 1225 bene
1258 1193 1374 1226 ‘fortu-

86 1246 183 1287 nati’,
207 1246 284 1289 quia
306 1246 372 1279 iam
395 1246 520 1278 faciunt
544 1247 628 1288 quod
652 1247 722 1288 ipse
745 1247 916 1279 desiderat.
1006 1260 1021 1279 o
1042 1260 1208 1280 Fossrmm
1227 1247 1374 1287 expressit

86 1300 210 1333 Aeneae
232 1300 424 1333 desiderium.
516 1313 637 1336 QvoRVM
656 1313 713 1332 IAM
731 1314 843 1334 ΜοΕΝῙΑ
865 1314 1004 1334 svzeemvr
1026 1301 1096 1332 laus
1118 1301 1164 1332 vel
1187 1300 1225 1332 ab
1249 1301 1318 1341 ipsa
1341 1311 1374 1332 re

86 1354 221 1387 sumitur
242 1364 321 1395 quae
344 1355 502 1387 laudatur.

175 1407 250 1441 438.
287 1416 450 1440 FASTIGIA
469 1419 556 1439 nunc
575 1408 682 1449 operis
703 1408 923 1449 summitates,
943 1408 1022 1439 alibi
1047 1407 1112 1439 ima
1137 1407 1315 1448 significat,
1338 1409 1374 1439 ut

90 1461 261 1494 forsitan
285 1463 324 1493 et
347 1461 551 1493 scrobibus
576 1472 671 1503 quae
696 1462 777 1493 sint
804 1461 971 1502 fastigia
1000 1472 1176 1502 quaeras.
1267 1469 1374 1493 SVSP1-

91 1524 149 1547 err
172 1515 324 1556 miratur,
347 1517 385 1546 ut
408 1525 424 1546 e
449 1515 611 1547 contrario
636 1514 804 1556 ‘despicit'
829 1514 1008 1547 contemnit
1032 1514 1201 1557 significat.

159 1651 174 1674 2
199 1647 350 1674 secundum
374 1646 510 1681 Plinium]
535 1648 591 1673 nat,
612 1647 677 1673 hist.
699 1646 735 1673 XI
756 1649 804 1678 20,
824 1649 857 1673 70
880 1647 890 1680 ΙΙ
913 1650 928 1672 3
954 1647 1066 1681 proprie
1084 1647 1180 1673 tamen
1199 1666 1205 1672 .
1222 1667 1227 1672 .
1245 1667 1250 1672 .
1270 1645 1373 1680 minor]

89 1692 174 1710 exscr.
194 1682 259 1710 lsid.
279 1682 349 1717 orig.
370 1682 421 1709 XII
440 1685 466 1714 8,
485 1686 500 1709 2
522 1683 551 1709 et
570 1686 584 1709 3
609 1684 618 1717 ΙΙ
641 1686 656 1709 5
676 1691 760 1717 pecus
778 1682 896 1709 dicimus
917 1704 922 1708 .
939 1705 944 1710 .
962 1703 967 1708 .
989 1682 1077 1717 caret]
1098 1690 1183 1709 exser.
1199 1682 1277 1708 Luct.
1298 1681 1374 1708 Plac.

89 1719 127 1746 ad
146 1718 216 1746 Stat.
236 1718 324 1745 Theb.
345 1719 356 1745 Ι
376 1721 427 1744 275
447 1720 476 1745 et
495 1718 559 1745 Isid.
580 1718 649 1752 orig.
670 1718 722 1744 XII
738 1721 762 1750 1,
777 1721 792 1744 5
807 1719 816 1752 ΙΙ
831 1721 845 1745 7
866 1718 1011 1752 Horatius]
1033 1726 1116 1744 carm.
1132 1718 1184 1750 12,
1205 1718 1273 1751 7118
1292 1717 1374 1743 Plau-

88 1754 146 1789 tus]
165 1757 234 1781 truc.
254 1753 281 1780 ΙΙ
300 1757 325 1787 2,
347 1757 379 1780 14
402 1755 411 1787 ΙΙ
436 1757 468 1780 12
488 1753 646 1789 Terentius]
666 1762 728 1780 eun.
748 1754 773 1780 11
793 1757 818 1787 2,
838 1756 870 1779 37
893 1753 934 1779 ‘ni
953 1753 1054 1780 mirum
1074 1753 1201 1779 homines
1220 1753 1346 1786 frigent’.
1366 1753 1374 1786 Η

88 1789 200 1824 quidam
227 1810 255 1817 ..
271 1810 277 1816 .
301 1789 428 1824 tradunt]
453 1789 517 1816 Isid.
543 1789 600 1816 diff.
624 1789 700 1816 verb.
726 1792 778 1816 406
801 1790 810 1823 ΙΙ
836 1792 867 1815 14
891 1789 1020 1823 quotiens
1045 1809 1050 1814 .
1071 1810 1076 1815 .
1099 1810 1104 1815 .
1129 1788 1260 1823 dicimus]
1286 1796 1371 1814 exscr.

88 1825 152 1854 lsid.
172 1824 229 1853 diff.
248 1825 323 1852 verb.
344 1828 395 1852 236
418 1826 428 1860 ΙΙ
450 1828 484 1851 24
504 1825 635 1860 forsitan]
655 1833 749 1859 georg.
771 1824 795 1851 II
815 1827 866 1851 288

164 1952 178 1976 1
198 1950 236 1976 ad
249 1958 273 1977 v.
289 1952 340 1976 435
355 1949 505 1984 Ignauum]
521 1949 620 1976 inutile
636 1969 641 1975 .
659 1970 664 1976 .
681 1970 686 1975 .
707 1948 742 1975 de
756 1948 850 1975 asinis.
879 1948 980 1982 Pecus]
996 1947 1114 1974 dicimus
1130 1969 1136 1975 ,
1153 1968 1158 1974 .
1175 1969 1180 1975 .
1196 1956 1213 1974 a
1227 1948 1373 1981 pascendo.

91 1984 288 2020 Praenepibus]
309 1984 447 2012 alueariis.
470 1985 503 2012 P.
533 1993 566 2011 ex
584 1985 627 2011 his
645 1993 732 2011 nauos
752 2005 758 2010 .
774 2005 780 2010 .
797 2006 802 2011 .
824 1983 976 2010 secundum
994 1986 1019 2009 et
1038 1983 1122 2009 mulis
1142 2005 1147 2010 .
1164 2005 1170 2011 .
1186 2004 1192 2008 .
1213 1983 1301 2009 Pecus
1319 1991 1375 2010 non

87 2021 169 2054 potui
187 2021 271 2054 leyere
292 2022 302 2054 u
325 2024 340 2046 2
361 2029 463 2055 gnaros
483 2020 517 2046 0³
535 2029 611 2054 supr.
631 2028 697 2046 vers.
722 2028 829 2054 gnauos
855 2020 864 2045 I
886 2020 895 2053 ΙΙ
918 2023 934 2046 3
958 2019 1047 2046 bobus
1070 2019 1129 2045 BL
1151 2020 1160 2052 ΙΙ
1183 2022 1200 2045 4
1223 2019 1375 2045 secundum

90 2055 242 2083 Aemilium
268 2056 394 2082 Macrum
422 2065 472 2082 om.
500 2056 528 2082 B
552 2057 561 2090 ΙΙ
585 2059 599 2082 7
629 2055 702 2081 unde
730 2063 781 2081 om.
809 2055 866 2081 BG
886 2057 896 2088 Η
918 2055 1051 2089 protheus
1078 2054 1222 2081 BLHO³
1244 2055 1253 2088 ΙΙ
1278 2058 1308 2080 11
1339 2055 1376 2081 ad

89 2099 114 2118 v.
130 2094 181 2118 436
199 2091 313 2126 Feruet]
329 2091 486 2118 celebratur
505 2113 511 2118 .
528 2112 533 2118 .
550 2113 555 2118 .
575 2099 626 2125 per
639 2100 653 2117 r
667 2090 793 2117 dicimus.
816 2091 848 2116 Ρ.
889 2099 922 2116 ex
936 2091 979 2116 his
993 2090 1096 2116 Feruet
1115 2111 1120 2116 .
1138 2111 1143 2117 .
1161 2111 1166 2117 .
1186 2091 1284 2116 contra
1298 2090 1376 2116 hodie

91 2130 258 2154 evanuerunt
281 2127 291 2161 ΙΙ
316 2130 347 2153 13
368 2127 443 2154 olere
464 2127 511 2154 0²:
532 2127 576 2153 ole
597 2126 640 2160 011
654 2126 743 2152 malas
764 2125 810 2152 02:
830 2126 921 2152 malus
941 2126 963 2152 0
984 2127 994 2159 ΙΙ
1019 2129 1051 2152 14
1070 2135 1236 2152 pauonum-m
1257 2146 1284 2153 ..
1301 2146 1306 2151 .
1326 2134 1376 2159 per

91 2170 106 2188 r
123 2162 241 2189 dicimus
260 2171 310 2190 om.
329 2163 357 2189 B
380 2163 390 2196 ΙΙ
413 2172 579 2189 summum
600 2162 690 2188 CHP
709 2163 718 2194 ΙΙ
741 2161 838 2196 alitur]
862 2161 908 2188 uel
933 2170 950 2188 a
973 2161 1086 2188 flamma
1105 2162 1168 2188 add.
1188 2161 1252 2187 LII
1269 2169 1301 2187 esc
1321 2161 1375 2187 Isi-

91 2198 157 2225 doro
175 2200 207 2225 ut
224 2199 333 2225 videtur
355 2199 365 2232 ΙΙ
389 2201 421 2224 15
441 2198 510 2225 odor
529 2207 561 2224 σω
581 2198 648 2224 odos
669 2197 692 2223 C'
711 2198 721 2231 ΙΙ
743 2197 792 2230 qui
817 2205 850 2223 ατ
873 2197 940 2230 quid
964 2197 1004 2223 vel
1023 2197 1089 2230 quia
1109 2197 1132 2223 O
1148 2196 1215 2230 quia
1234 2197 1259 2222 L
1277 2199 1301 2222 et
1321 2196 1375 2222 Isi-

93 2233 176 2260 dorus
195 2233 293 2268 (quil)
316 2234 326 2267 ΙΙ
350 2237 382 2261 19
407 2243 422 2260 ο
446 2242 593 2260 εοῐιτνηᾼτι
618 2232 756 2266 expressit
778 2233 888 2259 Aeneae
912 2232 1079 2259 desiderium
1104 2233 1158 2259 hoc
1181 2233 1224 2258 est
1246 2231 1295 2265 qui
1318 2231 1375 2257 iam

94 2267 202 2296 faciunt
220 2291 226 2296 .
243 2291 270 2298 ..
290 2269 440 2296 desiderat.
478 2278 586 2299 Qvonvn
607 2290 612 2295 .
629 2290 634 2295 .
651 2289 656 2294 .
677 2268 808 2294 laudatur
828 2267 852 2294 Ο
871 2269 881 2302 ΙΙ
904 2271 938 2294 23
962 2269 999 2294 ad
1022 2277 1045 2294 r.
1066 2271 1117 2294 438
1142 2267 1278 2301 Fastigia]
1303 2275 1375 2293 nunc

94 2303 185 2338 operis
209 2305 385 2331 summitates
411 2326 417 2331 .
434 2327 439 2332 .
457 2326 462 2331 .
488 2304 603 2339 fastigia
626 2311 751 2337 quaeras,
773 2303 800 2329 P
821 2305 831 2337 ΙΙ
854 2303 1045 2330 summitatem
1070 2304 1096 2329 1,
1118 2304 1128 2337 ΙΙ
1150 2306 1183 2329 25
1208 2304 1239 2329 ut
1257 2310 1306 2328 om.
1329 2301 1351 2328 G
1367 2303 1376 2336 ΙΙ

95 2340 268 2374 contempnit
293 2341 316 2367 0
337 2342 346 2375 u
369 2340 517 2375 significat.
556 2340 600 2367 vel
628 2338 744 2373 suscipit
769 2339 828 2366 alt-a
851 2339 964 2373 aspicit,
990 2340 1022 2365 ut
1044 2338 1112 2365 alibi
1140 2339 1228 2365 ‘hanc
1255 2337 1375 2371 primum

94 2374 201 2409 suspice
219 2376 333 2410 rupem'
354 2376 384 2402 1)

1392 719 1424 743 10

1393 986 1424 1009 15

1391 1254 1426 1277 20
