1722 2670
429 138 543 189 COMM.
562 161 602 188 IN
620 161 728 189 VERG.
747 162 830 189 AEN.
851 164 898 190 111.
919 165 1067 192 641—667.
1318 162 1384 193 449

192 242 266 276 658.
303 256 436 276 mmmm
465 243 550 275 ulbra
569 243 714 283 formam.
736 242 740 245 “
816 256 924 277 warns
949 247 1050 285 potest
1076 247 1105 276 ei
1126 245 1334 286 suymz'oribus
1356 247 1385 277 et

101 297 293 339 sequentibus
316 297 415 338 iimyi,
438 298 474 328 ut
494 296 537 328 sit
558 295 680 338 ‘imeras
703 296 831 329 iumen).
1054 280 1091 308 N

192 350 265 383 659.
304 363 417 384 ιιινινσΑ
441 363 529 383 MANV
544 362 633 382 PINVS
652 362 742 382 ieron·
759 350 848 382 cuius
870 351 1045 383 caecitatem
1068 361 1164 383 manu
1182 353 1280 392 pinus
1298 353 1382 393 reqit.

192 404 266 437 661.
302 412 537 442 SOLAMENQVE
557 412 645 435 MALI
664 403 741 435 hinc
760 403 981 441 Quintilianus
1001 404 1082 436 dixit
1105 415 1282 446 magnum
1305 416 1383 437 cac-

102 458 243 491 eitatis
266 457 452 490 solatium
476 459 534 490 est
557 457 700 490 habere
722 457 1010 496 remvvidentis.
1403 466 1418 489 5

191 512 265 544 662.
302 519 445 543 'rumen'
470 520 628 544 ercrvs
652 520 698 543 ET
722 519 770 543 An
794 519 962 549 AEQVORA
986 520 1092 543 vmu'r
1122 511 1326 553 hyperbaton
1350 513 1384 544 in

104 576 211 608 sensu,
233 566 270 597 ut
293 563 397 606 <VIII
423 564 508 606 125>
532 564 735 606 progressi
759 564 926 624 subeunt
949 564 1036 596 luco
1059 564 1302 606 fluviumque
1325 577 1382 597 re-

101 619 292 662 linquunt.

191 672 264 705 663.
301 680 486 704 FLVVIDVM
508 674 642 714 propter
665 669 918 713 ὁμοιοτέλευτον
934 670 1121 703 ‘fluentem’
1136 672 1244 704 noluit
1268 672 1382 704 dicere.

100 725 187 769 quod
218 726 328 758 autem
361 725 472 758 dicunt
502 725 632 767 physici
659 726 698 757 de
726 725 843 757 effosso
868 725 961 757 oculo
986 726 1178 767 sanguinem
1205 737 1381 767 numquam
1403 733 1435 755 ιο

57 771 60 777 “
99 779 212 820 fluere,
247 790 359 811 verum
386 778 516 821 quidem
544 780 609 820 est,
642 778 697 810 sed
726 789 825 820 supra
851 789 918 810 non
946 778 1099 809 effossum
1122 778 1216 810 huius
1242 779 1381 821 oculum,

102 832 159 865 sed
181 832 380 865 terebratum
404 832 556 875 legimus:
579 832 660 864 unde
682 842 751 864 eum
774 834 892 864 constat
913 832 1043 864 necdum
1064 832 1161 872 fuisse
1183 834 1334 864 curatum.

100 895 186 918 num
210 887 268 918 aut
290 885 329 918 de
351 886 514 927 fluctibus,
538 887 595 918 aut
618 885 656 917 de
681 885 789 927 spatio
814 885 908 917 oculi.

188 939 262 972 664.
299 947 433 971 enmrv
457 950 531 972 eum
554 939 688 981 gemitu.

188 993 262 1026 665.
299 1002 363 1025 IAM
386 1002 527 1025 nmmvn
548 993 644 1025 altius
666 1003 761 1034 quam
784 993 859 1025 litus
881 993 927 1025 vel
948 993 1023 1033 plus
1045 1003 1140 1034 quam
1164 993 1251 1035 litus,
1280 994 1315 1025 id
1336 996 1380 1025 est
1400 999 1430 1022 15

98 1047 179 1080 unde
204 1047 304 1079 alium
330 1047 454 1088 incipit:
487 1047 533 1079 vel
560 1047 607 1079 sic
635 1046 755 1088 altum,
787 1048 823 1078 ut
846 1046 989 1078 medium
1011 1049 1159 1088 putares3
1192 1058 1268 1078 nam
1293 1048 1324 1078 et
1347 1047 1380 1078 in

98 1100 212 1142 quinto
228 1100 293 1142 <1>
310 1100 357 1133 sie
381 1100 463 1132 dixit
485 1101 637 1132 interea
660 1100 824 1132 medium
848 1100 1000 1132 Aeneas
1024 1100 1099 1132 iam
1124 1100 1249 1138 classe
1273 1103 1379 1132 tene-

98 1154 178 1196 bat,
200 1156 321 1187 certus
342 1155 429 1196 iter,
453 1164 525 1186 cum
548 1154 652 1186 adhuc
675 1154 804 1186 moenia
827 1154 1010 1196 respiceret.
1101 1162 1238 1186 Fchrv
1258 1154 1380 1196 legitur

98 1209 132 1239 et
155 1207 312 1240 ‘fluctus'.

186 1260 259 1293 666.
296 1269 440 1293 TREPIDI
454 1261 575 1303 festini,
590 1263 626 1293 ut
641 1260 710 1303 <IX
727 1261 812 1302 113>
836 1272 880 1293 ne
904 1261 1100 1303 trepidate
1119 1272 1221 1293 meas
1242 1261 1378 1293 Teucri
1397 1268 1431 1291 20

97 1314 304 1347 defendere
331 1326 449 1347 naves
476 1315 556 1347 item
584 1314 652 1355 <IX
681 1315 768 1356 231>
797 1315 949 1356 accepit
976 1315 1153 1356 trepidos
1178 1326 1219 1347 ac
1243 1314 1378 1347 Nisum

74 1402 79 1406 ,
96 1367 225 1400 dicere
248 1367 376 1400 iussit.
467 1381 618 1401 curmae
639 1369 831 1410 infinitivum
847 1379 908 1409 pro
926 1369 1172 1409 fflommiiativo.
1253 1382 1378 1402 ιιΕσΕΡΤο

96 1423 153 1453 aut
174 1422 209 1453 in
231 1422 402 1453 societatem
424 1424 551 1462 accepto,
573 1425 630 1454 aut
651 1423 687 1454 de
703 1422 843 1463 periculo
867 1422 1002 1461 liberato,
1025 1425 1061 1454 ut
1079 1422 1117 1464 <1
1135 1423 1219 1464 178>
1237 1424 1377 1464 Γναθω-

95 1484 163 1515 que
183 1477 351 1515 receptas
373 1477 402 1506 et
423 1474 491 1515 <VI
518 1475 603 1516 111>
626 1476 814 1516 medioque
837 1486 878 1507 επ
900 1475 999 1508 hoste
1021 1477 1149 1517 recepi.

186 1528 260 1560 667.
297 1536 349 1560 slc
372 1536 504 1560 MERITO
529 1528 605 1570 quia
628 1528 738 1560 omnia
761 1528 830 1560 eius
853 1529 1075 1570 probaverant
1098 1529 1193 1571 dieta,
1218 1541 1254 1562 ac
1278 1531 1306 1562 si
1329 1531 1373 1562 di-
1395 1536 1428 1559 25

169 1636 182 1659 1
203 1633 324 1660 Informe
348 1633 423 1660 ultra
441 1633 573 1668 formam]
593 1642 678 1660 exscr.
698 1633 763 1660 Isid.
783 1641 821 1660 or.
842 1633 867 1659 X
888 1636 938 1660 138
958 1633 1015 1660 diff.
1035 1634 1110 1660 verb.
1132 1637 1182 1661 162
1215 1635 1224 1668 ΙΙ
1257 1637 1273 1660 4
1293 1635 1374 1667 Quin-

96 1669 224 1704 tilianus]
245 1669 362 1696 declam.
383 1669 394 1695 1
414 1678 441 1703 p.
456 1672 472 1695 3
493 1669 534 1696 ed.
551 1669 683 1696 Obrecht.
705 1668 775 1696 ‘sive
794 1669 860 1702 quia
879 1669 1024 1696 caecitatis
1043 1669 1162 1696 miserae
1182 1669 1314 1697 solatium
1333 1672 1376 1697 est

96 1704 200 1732 habere
219 1712 279 1731 rem
297 1704 473 1732 videntium'.

169 1797 185 1820 3
203 1802 280 1828 supr.
300 1802 366 1820 vers.
383 1796 434 1820 659
454 1794 508 1820 hoc
527 1795 570 1820 est
589 1794 666 1820 euius
685 1794 833 1821 cecitatem
848 1795 877 1820 et
891 1802 1004 1820 manum
1019 1794 1093 1828 regit
1107 1794 1188 1828 pinus
1205 1794 1251 1828 '1¹11
1265 1797 1281 1820 4
1296 1795 1373 1829 mm]

95 1839 121 1857 n.
143 1839 166 1856 o.
186 1840 211 1857 r.
229 1839 252 1856 ι’.
273 1830 337 1856 add.
356 1829 382 1855 L
410 1829 541 1856 solatium
560 1830 624 1856 add.
644 1830 748 1856 Daniel
761 1830 771 1863 ΙΙ
790 1829 862 1855 dixit
880 1837 931 1856 om.
953 1830 989 1855 M
1001 1830 1010 1863 ΙΙ
1025 1837 1156 1863 magnam
1175 1830 1209 1856 II
1219 1830 1228 1864 ΙΙ
1242 1830 1374 1856 solatium

95 1864 241 1892 caecitatis
261 1865 319 1892 FO
330 1865 340 1898 ΙΙ
354 1864 486 1892 caecitati
499 1865 525 1891 L
544 1865 700 1898 (caecitatis
719 1866 739 1899 l)
759 1864 926 1891 caecitatem
943 1865 977 1890 H
986 1865 996 1898 ΙΙ
1011 1869 1026 1890 5
1045 1873 1104 1891 rem
1123 1865 1225 1892 habere
1242 1866 1279 1892 M
1291 1866 1300 1900 ΙΙ
1314 1866 1373 1892 uin-

95 1926 187 1954 dentis
206 1927 233 1953 L
257 1927 267 1960 11
290 1930 306 1954 6
325 1927 482 1961 yperbaton
500 1927 592 1960 libri}
587 1927 597 1961 ΙΙ
620 1930 635 1953 7
655 1927 720 1954 locu
739 1927 770 1953 F
795 1927 857 1954 loeo
877 1926 901 1953 0
925 1915 987 1955 loco
1006 1927 1032 1953 L
1056 1927 1112 1954 leto
1132 1927 1184 1962 1111
1198 1927 1372 1963 relinquunt]

95 1963 151 1997 hpy
153 1962 271 1990 erbaton
297 1963 358 1996 (sic)
382 1962 490 1989 scilicet
514 1963 558 1989 est
579 1962 702 1996 primum
726 1962 800 1989 enim
824 1962 958 1990 debuerat
981 1962 1072 1990 dicere
1096 1963 1175 1989 uenit
1197 1963 1233 1990 ad
1251 1972 1374 1997 aequora

95 1972 196 2025 deipnde
222 1998 318 2033 tetigit
343 1998 442 2025 fluctus
468 1998 532 2025 add.
555 2006 628 2026 man
652 2006 703 2025 rec.
727 1998 759 2024 in
778 1998 813 2024 F.
846 1999 950 2025 similia
974 2001 1039 2025 sunt
1061 2007 1130 2032 quae
1153 1999 1184 2025 in
1205 1999 1231 2025 1
1230 2007 1373 2026 tironensis

95 2034 219 2074 niaryine
245 2034 271 2060 is
294 2034 343 2068 qui
367 2035 439 2060 notis
462 2034 622 2060 Zironianis
644 2042 711 2060 usus
734 2036 772 2060 est
795 2034 942 2067 adscripsit
964 2034 1010 2060 hic
1034 2035 1077 2061 est
1100 2034 1166 2061 ordo
1190 2036 1371 2069 permutatus.

95 2068 216 2104 primum
236 2069 311 2096 enim
330 2069 409 2096 uenit
426 2071 486 2096 tum
505 2069 609 2104 tetigit.
640 2069 688 2095 sed
706 2068 761 2096 iste
779 2068 900 2103 primum
913 2069 983 2096 dicit
996 2069 1124 2104 tetigisse
1139 2070 1239 2097 deinde
1254 2070 1370 2098 uenisse.

95 2104 161 2139 Step
162 2105 252 2132 hamus
266 2107 291 2131 et
301 2105 452 2132 Fabricius
466 2106 515 2132 aut
527 2105 662 2139 hysteron
674 2106 808 2138 proteron
818 2108 881 2138 post
894 2105 1056 2139 relinquunt
1069 2106 1236 2133 addiderunt
1249 2106 1259 2140 ΙΙ
1273 2109 1288 2133 9
1298 2116 1372 2134 mm-

96 2149 153 2168 nvu
170 2140 197 2167 L
210 2141 220 2174 ΙΙ
233 2141 457 2168 omocoteleuton
473 2140 559 2167 FOL
581 2140 806 2167 emoeoteleuton
819 2140 854 2166 H
878 2141 1084 2168 omoeteleuton
1100 2141 1137 2167 M
1148 2142 1158 2175 ss
1173 2144 1205 2168 10
1219 2150 1372 2175 numquam

93 2175 190 2211 fluere]
209 2184 332 2210 numque
350 2176 464 2203 influere
484 2177 514 2202 Η
528 2177 537 2210 ΙΙ
553 2179 584 2202 11
604 2175 717 2203 effluere
738 2175 795 2202 FO
811 2177 820 2210 ΙΙ
838 2176 934 2211 huius]
955 2176 1014 2203 eius
1034 2177 1071 2203 M
1083 2177 1093 2211 ss
1113 2179 1145 2203 12
1164 2177 1224 2212 sed]
1246 2177 1296 2204 sub
1317 2177 1348 2204 F
1363 2178 1371 2212 ¹]

93 2211 250 2238 terebatum
271 2212 308 2238 M
329 2213 339 2246 ΙΙ
363 2215 395 2239 13
414 2212 625 2239 num..oeu1i
643 2220 693 2239 om.
714 2211 745 2238 F
760 2212 769 2246 ΙΙ
788 2211 892 2246 spatio]
913 2211 1109 2246 desperatione
1129 2213 1167 2239 M
1178 2214 1188 2247 ΙΙ
1204 2215 1235 2239 15
1255 2214 1292 2240 ad
1314 2213 1371 2239 iam

94 2246 217 2274 medium
244 2255 322 2281 supr.
350 2255 416 2274 vers.
446 2248 529 2275 altius
547 2270 552 2275 .
569 2269 575 2275 .
591 2269 597 2274 .
616 2247 717 2282 incipit
742 2247 766 2273 1
796 2248 806 2281 ΙΙ
837 2247 938 2274 altium
958 2247 989 2274 F
1018 2248 1107 2275 altum
1134 2245 1238 2275 Daniel
1260 2249 1371 2282 primus

93 2282 179 2309 altius
204 2284 273 2310 coni.
299 2283 433 2317 Hayenus
457 2284 467 2318 ss
496 2287 527 2310 16
551 2283 610 2318 vel]
635 2283 683 2310 sed
710 2282 734 2308 T
754 2284 764 2317 11
787 2283 816 2310 et
839 2291 888 2310 om.
908 2283 934 2309 L
956 2284 966 2318 fl
990 2286 1022 2310 18
1046 2285 1138 2312 certus
1161 2284 1215 2311 iter
1237 2285 1297 2310 hab.
1324 2284 1347 2310 0
1362 2284 1371 2317 Η

94 2327 194 2345 reve-tv
209 2328 310 2345 nurum
325 2327 350 2344 A.
365 2328 388 2346 r.
403 2319 428 2345 L
442 2321 451 2353 ss
465 2323 499 2346 20
513 2319 654 2353 trepidare
670 2318 728 2345 FO
740 2319 749 2353 ΙΙ
768 2322 802 2345 22
817 2319 854 2346 ad
871 2321 984 2353 recepto
1003 2327 1082 2354 supr..
1094 2328 1160 2346 vers.
1176 2319 1247 2346 aut
1240 2328 1268 2346 in
1283 2319 1370 2346 socie-

93 2354 183 2380 tatem
202 2355 317 2388 recepto
336 2355 386 2380 aut
403 2354 489 2381 etiam
509 2355 543 2381 de
562 2354 695 2389 periculis
714 2354 832 2381 liberato
854 2355 879 2380 T
901 2355 911 2388 ΙΙ
939 2358 972 2382 25
991 2355 1180 2389 probauerant
1200 2355 1247 2381 M:
1272 2355 1369 2389 proba-

95 2390 195 2416 uerunt
214 2389 272 2415 FO
298 2390 487 2423 probauerant
505 2399 537 2418 eu:
556 2391 746 2425 probauerunt
764 2390 790 2416 L
812 2390 995 2424 probauerint
1013 2391 1047 2417 II

147 2438 220 2458 Servii
235 2444 314 2458 comm.
330 2439 380 2459 Vol.
394 2439 413 2459 1.
429 2439 495 2460 Faue.
509 2441 527 2461 1.
1122 2438 1155 2460 ‘29
