1630 2684
0 2028 19 2044 Q

0 2048 16 2064 ..z

0 2065 17 2093 ἓ

422 158 536 186 coum.
556 159 595 186 IN
615 158 722 187 VERG.
744 159 827 187 AEN.
847 159 867 187 1.
887 163 1036 188 397-408.
1310 162 1370 193 135

174 242 249 273 402.
288 248 474 273 AVERTENS
494 239 554 271 ‘se'
575 239 743 281 subaudis,
762 240 823 273 hoe
843 243 893 273 est
915 252 987 273 eum
1007 245 1216 284 averteretur,
1235 245 1271 275 ut
1291 245 1370 275 tum

84 305 200 336 prora
224 294 380 327 avertit.
471 302 583 326 ROSEA
607 293 751 335 pulchra.

173 347 247 380 403.
284 355 554 385 AMBROSIAEQVE
579 355 697 379 COMAE
722 349 778 379 aut
802 350 969 389 unguento
991 349 1123 381 deorum
1148 350 1283 391 oblitae,
1307 350 1370 382 hoe

85 403 135 433 est
158 400 334 442 ambrosia,
358 401 414 431 aut
438 402 524 432 certe
549 400 682 432 abusive
707 400 789 432 dixit
813 400 956 433 ‘divinae
981 402 1116 434 comae'.
1195 416 1369 436 Auussosme-

85 467 146 490 ρης
163 467 258 487 coum
270 466 403 486 mmmm
421 466 541 486 νειεποιῑ
560 455 686 493 οοοιεῑιι]
712 454 784 486 *est
805 454 979 496 hypallwe,
1003 458 1038 487 nt
1059 456 1100 488 sit
1122 457 1245 488 divinae
1268 468 1369 489 comae

84 507 256 540 ambrosiae
279 507 399 539 odorem
422 506 611 547 spiravere*

171 560 245 592 404.
283 569 478 592 semmam:
499 560 742 593 exhalaverunt.
834 570 956 594 vns‘ns
981 571 1161 595 DEFvai'r
1187 563 1264 605 quia
1287 563 1370 595 dixit

83 625 181 656 supra
204 613 313 646 sinus
338 613 508 645 collecta
531 613 715 646 fluentes.

171 667 246 699 405.
280 676 375 699 VERA
398 667 480 699 bene
504 666 613 699 ‘vera'
638 667 676 699 de
701 679 764 709 qua
784 670 859 699 ante
880 668 1100 700 dubitabatur.
1173 682 1296 702 mcsssv
1316 669 1370 702 hoe

81 721 204 753 verbum
228 721 314 761 apud
341 721 509 762 Veryilinm
532 731 620 761 saepe
644 731 704 761 pro
731 721 844 753 honore
864 722 1008 762 ponitur,
1038 724 1073 753 ut
1102 725 1161 754 ast
1189 733 1249 763 eqo
1279 733 1369 764 qnae

81 775 206 807 divum
228 774 356 806 incedo
379 774 511 815 reyina
534 777 562 806 et
579 785 651 806 mox
671 775 796 814 forma
812 775 1070 815 pulcherrima
1088 775 1187 808 Dido
1208 777 1368 809 incessit.

170 836 318 860 MATREM
342 836 500 860 AGNOVlT
524 839 610 859 nunc
639 829 778 860 matrem
802 828 965 870 agnoscit3
994 840 1070 860 nam
1093 829 1187 861 deam
1210 841 1280 862 esse
1303 830 1368 862 iam

82 881 230 923 superius
254 881 767 913 dixerat..

169 934 244 967 406.
282 943 491 967 FVGIENTEM
524 934 672 967 celeriter
703 928 945 976 abscedentem,
974 938 1010 967 ut
1042 936 1118 967 alibi
1151 937 1199 968 ad
1230 938 1369 969 terram

80 987 190 1029 fnyit.
287 1001 356 1020 Voce
369 998 430 1028 pro
453 989 596 1020 oratione.

170 1041 245 1073 407.
282 1049 370 1079 QVID
394 1050 514 1073 NATVM
538 1050 686 1073 TOTIENS
711 1053 816 1083 saepe.
846 1044 879 1074 et
903 1045 960 1074 aut
982 1040 1064 1074 κατὰ
1087 1041 1124 1074 τὸ
1149 1041 1368 1085 σιωπώμενον

82 1093 304 1136 intellegimus
336 1106 432 1136 saepe
463 1106 535 1126 eum
567 1106 637 1127 esse
666 1095 826 1137 delusum5
857 1098 914 1127 aut
945 1098 1030 1128 eerte
1061 1097 1235 1128 secundum
1262 1097 1368 1138 ipsum

82 1146 281 1190 Vergilium,
312 1148 367 1190 qui
400 1148 447 1180 ait
476 1148 511 1179 in
540 1148 679 1180 secundo
711 1160 792 1181 cum
823 1149 917 1181 mihi
949 1161 986 1181 se
1016 1161 1091 1181 non
1122 1152 1212 1181 ante
1243 1150 1367 1182 oeulis

82 1203 162 1233 tam
185 1201 293 1234 clara
315 1201 518 1234 videndam
543 1202 702 1234 obtulit.
748 1203 843 1234 multi
872 1204 979 1234 tamen
1008 1203 1122 1235 volunt
1150 1203 1184 1234 in
1207 1203 1268 1235 hoc
1296 1204 1367 1245 ipso

82 1254 155 1287 loco
179 1265 276 1296 saepe
300 1266 373 1287 eum
396 1266 467 1287 esse
491 1255 674 1297 deceptum,
705 1258 741 1287 ut
765 1256 799 1287 in
822 1256 950 1298 habitu,
979 1257 1013 1288 in
1037 1257 1309 1298 interrogatione,
1333 1257 1367 1288 iu

65 1308 305 1350 responsione,
338 1308 372 1340 in
405 1308 560 1350 auguriis.
611 1308 656 1339 vel
691 1307 817 1340 ‘totiens
847 1309 1002 1351 cruddis',
1030 1311 1167 1350 quotiens
1196 1310 1285 1350 fallis
1313 1313 1369 1342 ant

81 1362 268 1394 dissimulas.
367 1371 413 1394 TV
444 1370 603 1400 QVOQVE⁴
621 1361 705 1393 sieut
734 1361 816 1393 Iuno
848 1363 1010 1405 ceterique
1041 1364 1100 1402 dii,
1132 1364 1187 1405 qui
1218 1363 1367 1395 Troianis

82 1415 205 1447 inimici
229 1416 317 1457 sunt3
349 1426 424 1456 qnos
452 1418 481 1447 et
504 1415 538 1447 in
560 1415 689 1447 secundo
714 1415 791 1447 libro
814 1417 956 1455 ostendit,
988 1417 1041 1449 nbi
1067 1417 1114 1449 ait
1140 1418 1368 1458 inimicaque

84 1468 219 1501 Troiae
250 1469 405 1501 numina
439 1479 572 1509 mayna
607 1469 718 1500 deum.
817 1482 920 1502 FALSIS
941 1483 1030 1502 arms
1049 1472 1237 1511 mmmmm]
1271 1470 1367 1502 *ideo

81 1523 156 1563 quia
178 1523 342 1563 virqinem,
366 1523 441 1563 quia
464 1523 659 1561 venatricem,
682 1522 757 1562 quia
782 1522 912 1563 Tyriam
935 1533 966 1554 se
988 1524 1144 1556 dixerat*

172 1576 247 1608 408.
285 1584 354 1607 CVR
387 1585 551 1607 DEXTRAE
585 1584 740 1607 IVNGERE
775 1584 942 1607 DEXTRAM
978 1577 1136 1608 maiorum
1170 1577 1255 1608 enim
1288 1577 1367 1608 haec

82 1629 189 1661 fuerat
208 1629 377 1671 salutatio,
397 1629 487 1661 euius
507 1629 554 1660 rei
573 1631 696 1670 αἴτιον,
715 1628 747 1660 id
767 1630 818 1660 est
839 1640 967 1661 eausam
988 1629 1107 1671 Varro,
1131 1630 1365 1662 Callimachum

83 1684 224 1724 secutus,
255 1683 417 1749 exposuit,
449 1682 602 1714 adserens
634 1693 782 1714 omnem
814 1693 942 1714 eorum
973 1683 1156 1715 honorem
1192 1684 1365 1715 dexter-a

155 1774 167 1796 1
188 1747 271 1805 tuin]
281 1747 313 1796 A.
336 1771 345 1796 Ι
367 1773 417 1796 104
440 1771 450 1803 fl
473 1773 488 1796 8
508 1769 596 1804 sinus]
617 1770 650 1796 Α
670 1769 682 1795 Ι
706 1773 759 1796 320
781 1771 791 1804 ΙΙ
816 1773 850 1797 10
875 1771 919 1797 ast
941 1779 956 1797 e
957 1770 1006 1805 go]
1031 1770 1063 1796 A
1084 1771 1095 1795 1
1116 1774 1149 1796 46
1173 1771 1182 1804 ΙΙ
1207 1774 1237 1797 11
1264 1771 1365 1805 forma]

81 1806 114 1832 A.
144 1806 156 1831 l
184 1809 236 1832 496
259 1807 268 1839 ΙΙ
293 1809 326 1832 14
354 1806 391 1832 ad
417 1805 534 1840 terram]
564 1807 596 1831 A.
626 1806 650 1832 V
680 1809 730 1831 243
754 1807 763 1839 ΙΙ
789 1808 820 1832 18
854 1806 988 1840 secundo]
1018 1809 1069 1833 589
1093 1807 1102 1840 ΙΙ
1126 1810 1159 1832 23
1187 1806 1216 1832 in
1245 1806 1366 1832 secundo

81 1841 168 1876 libro]
189 1845 240 1869 622

155 1924 169 1947 1
189 1921 351 1948 subaudisse
373 1920 445 1955 0113
465 1922 502 1947 ad
519 1930 544 1948 v.
564 1924 616 1947 403
636 1921 856 1954 Ambrosiaeque
871 1920 979 1955 comae]
1001 1922 1050 1947 aut
1069 1921 1209 1947 ambrosia
1223 1922 1365 1955 unguento

83 1957 199 1984 deorum
218 1956 325 1984 oblitae
344 1956 446 1990 (oblita
466 1956 489 1983 Ο
506 1957 593 1983 oblite
615 1957 657 1989 ΟΖ)
678 1956 803 1982 diuinum
823 1956 936 1983 odorem
956 1956 1099 1989 (honorem
1117 1956 1149 1990 C)
1169 1956 1318 1991 spirauere.
1338 1957 1366 1982 et

83 1994 127 2020 est
143 1992 275 2027 ypallage
294 1993 326 2019 ut
345 1992 382 2018 sit
400 1992 512 2019 diuinae
532 2000 628 2019 comae
648 1992 804 2018 ambrosiae
820 1992 904 2019 odore
920 1991 1068 2026 spii-auere.
1097 1992 1147 2018 aut
1161 1993 1235 2019 certe
1250 1992 1364 2018 abusiue

83 2028 154 2055 dixit
176 2028 287 2055 diuinae
306 2036 411 2054 comae
433 2028 487 2055 GP
505 2028 515 2062 ΙΙ
539 2031 555 2054 4
578 2027 735 2054 ambrosiae
755 2028 787 2054 H
807 2029 816 2061 ΙΙ
840 2031 855 2054 6
880 2027 993 2054 odorem
1017 2028 1116 2061 scripsi
1138 2028 1147 2061 ΙΙ
1171 2030 1185 2054 7
1209 2028 1246 2054 ad
1269 2036 1292 2054 v.
1313 2030 1365 2054 404

84 2063 244 2104 Spirauere]
264 2063 431 2090 exhalauere
451 2085 456 2090 .
473 2085 479 2091 .
496 2084 501 2090 .
522 2063 642 2090 collecta
660 2063 785 2089 fluentes
807 2063 834 2089 P
853 2064 862 2097 ss
885 2063 1068 2090 exalaueruut
1082 2063 1147 2089 LH
1163 2063 1366 2090 exhalauerunt

82 2107 115 2126 ex
134 2099 329 2127 exhilauerunt
348 2098 372 2125 0
393 2099 539 2126 exalauere
558 2099 585 2125 B
608 2099 617 2132 ΙΙ
641 2102 656 2125 9
681 2099 717 2124 ad
740 2107 763 2124 v.
784 2101 835 2124 405
860 2098 984 2133 Incessu]
1008 2099 1062 2125 hoc
1086 2098 1202 2125 uerbum
1223 2120 1228 2126 .
1293 2098 1365 2125 Dido

81 2135 204 2163 incessit.
227 2135 252 2161 P
269 2136 279 2168 ΙΙ
304 2137 334 2161 11
355 2143 419 2161 mox
438 2143 488 2161 om.
510 2135 538 2160 P
555 2135 564 2168 fl
585 2138 616 2160 12
636 2134 764 2168 agnoseit
781 2134 808 2160 B
828 2136 852 2160 et
870 2134 896 2160 L
914 2137 945 2160 ut
963 2135 1084 2161 videtur:
1103 2134 1246 2175 cognoscit
1266 2134 1338 2160 CHl
1356 2134 1365 2168 η’,

85 2173 118 2197 14
137 2170 255 2203 celerius
274 2170 471 2197 ascendentem
490 2170 516 2196 L
536 2169 677 2210 (celeriter
696 2169 894 2196 abscedentem
913 2170 932 2203 l)
956 2171 965 2204 ΙΙ
990 2173 1021 2196 19
1046 2169 1129 2196 multi
1151 2170 1246 2196 tamen
1265 2191 1271 2197 .
1289 2190 1294 2195 .
1310 2190 1316 2195 .
1336 2169 1365 2195 in

38 2202 42 2207 ³
83 2205 206 2241 auguriis
224 2214 274 2233 om.
294 2206 320 2232 B
334 2207 344 2240 ΙΙ
357 2209 391 2232 20
410 2205 522 2240 habitu]
542 2205 609 2239 quia
627 2205 764 2238 uirginem
782 2205 848 2238 quia
866 2205 1038 2232 uenatrieem
1057 2205 1124 2239 quie.
1143 2205 1244 2239 tyriam
1264 2205 1327 2231 add.
1344 2204 1367 2230 G

83 2242 118 2275 cf.
137 2242 202 2269 adm.
221 2242 281 2268 crit.
302 2243 339 2268 ad
357 2250 381 2268 v.
403 2242 525 2275 4091122
545 2240 593 2274 qui
612 2249 661 2267 om.
683 2240 706 2266 0
722 2239 773 2267 tibi
794 2241 827 2266 H
842 2242 851 2275 ss
872 2244 905 2267 23
925 2243 990 2268 sunt
1009 2249 1058 2267 om.
1080 2241 1103 2267 0
1118 2243 1127 2274 ΙΙ
1151 2244 1184 2267 26
1205 2240 1293 2267 maior
1311 2240 1358 2265 Β
1357 2240 1365 2273 l

82 2277 152 2304 haee
175 2277 279 2312 fuerat]
304 2278 358 2304 ista
381 2277 435 2303 fuit
454 2277 479 2303 L
499 2278 508 2311 Ι]
527 2280 559 2303 27
581 2275 707 2302 sallustio
728 2275 752 2302 O
768 2276 912 2310 (salutatio
934 2276 978 2310 0²)
997 2277 1007 2310 ss
1025 2276 1128 2311 αἴτιον]
1149 2285 1222 2303 enos
1241 2277 1268 2302 B
1288 2268 1364 2302 etion

84 2311 148 2339 ΒΗ
163 2313 204 2340 rei
223 2314 314 2339 αἴτιον
333 2312 362 2339 id
381 2314 424 2340 est
442 2321 491 2340 om.
509 2312 532 2338 C
547 2312 638 2345 spatio
657 2312 761 2344 rehem,
780 2312 812 2338 in
826 2321 878 2346 quo
898 2312 939 2338 rei
958 2312 1033 2338 etion
1053 2312 1082 2338 id
1101 2313 1144 2338 est
1163 2310 1364 2350 021103111ωο-

84 2348 167 2374 chum
185 2349 296 2375 secutus
310 2348 439 2382 exposuit
453 2357 502 2375 om.
517 2348 544 2374 B
559 2349 568 2382 ΙΙ
583 2347 756 2374 callimalum
770 2348 795 2373 L
810 2349 889 2381 (corr.
905 2348 925 2381 l)
941 2347 1165 2374 eallimmathum
1180 2347 1211 2373 Η
1223 2348 1232 2380 ΙΙ
1246 2350 1279 2373 28
1295 2346 1364 2372 dicit

85 2382 214 2411 adserens
232 2384 259 2410 B
283 2384 292 2418 11
314 2384 449 2411 honorem
469 2392 564 2411 eorum
584 2383 609 2409 L
633 2383 642 2417 ΙΙ
665 2383 822 2410 deteramm
842 2384 869 2409 B
887 2383 1068 2410 dexderaram
1089 2383 1112 2409 0
1130 2385 1185 2416 (σοι
1187 2391 1207 2409 r.
1230 2382 1272 2416 0²)

1390 730 1422 753 10

1389 997 1421 1021 15

1386 1265 1420 1287 20

1386 1530 1419 1553 25
