1630 2684
474 136 587 166 COMM.
607 138 647 165 IN
666 137 773 166 VERG.
793 138 876 165 AEN.
896 139 929 165 ΙΙ.
950 142 1098 167 531—546.
1359 140 1422 172 301

142 219 183 250 ab
208 230 246 251 eo
271 219 360 261 quod·
379 219 545 262 praecedit
567 219 600 251 id
628 219 715 261 quod
739 220 905 262 sequitur.>
942 220 1070 252 ‘funus'
1099 222 1184 254 enim
1213 223 1262 254 est
1285 221 1351 253 iam
1375 233 1424 253 ar-

141 271 219 304 dens
257 273 406 306 cadaver:
437 273 521 315 quod
548 273 624 305 dum
657 275 822 315 portatur,
850 273 1035 315 ‘exequias'
1064 274 1213 307 dicimus:
1246 277 1424 307 crematum

140 326 207 357 iam
235 325 436 368 ‘reliquias’t
469 326 636 358 conditum
663 327 730 358 iam
759 326 984 369 ‘sepulcrum'.
1038 328 1166 368 quidam
1199 327 1337 368 ‘funere'
1364 339 1424 369 pro

140 379 228 411 caede
250 380 413 420 accipiunt.
505 392 619 412 vnrvs
639 390 702 412 non
724 380 806 413 nulli
867 390 884 412 o
908 379 1040 412 ‘ocutos'
1063 381 1177 412 volunt.

231 432 305 464 540.
340 446 379 466 Επ-
394 445 455 466 ΝοΝ
470 445 540 465 sni:
558 446 579 465 s.
601 446 622 469 Q.
644 447 666 466 T.
685 447 714 466 M.
728 447 754 466 A.
787 434 885 466 tribus
913 434 1074 475 generibus
1101 437 1246 474 parentes
1280 435 1425 467 obicimus
1444 443 1459 466 5

139 485 233 526 filiis.-
255 496 325 524 oum
347 486 433 519 bonis
456 497 504 519 eos
526 497 674 528 neqamus
696 488 851 529 aequales,
873 490 909 519 ut
930 487 985 519 hoe
1013 487 1092 526 loeo;
1117 498 1186 519 cum
1215 488 1314 520 malos
1336 489 1424 520 obici-

139 548 222 578 mus,
251 542 288 572 ut
313 539 384 582 <111
407 540 494 581 248>
522 540 878 579 Laomedontiadae;
910 542 982 573 item
1014 551 1083 573 eum
1112 552 1175 573 non
1205 542 1305 574 solum
1335 542 1426 574 bonos

139 592 320 635 adimimus,
343 594 396 626 sed
420 594 547 634 insuper
574 594 673 626 malos
700 594 860 633 obicimus,
891 597 927 626 ut
950 594 1019 636 <IV
1043 594 1130 635 365>
1153 605 1217 627 nec
1245 596 1314 627 tibi
1340 596 1425 627 diva

134 656 287 688 parens,
306 647 454 687 qeneris
476 657 539 679 nec
562 647 769 680 Dardanus
795 650 938 689 auctor,
961 648 1122 688 perfide,
1150 649 1211 680 sed
1237 649 1343 680 duris
1367 659 1425 690 qe-

137 699 222 731 nuit
244 702 275 731 te
297 700 468 733 cautibus
493 701 522 732 h.
545 711 569 733 e.
592 701 637 733 H.
660 712 690 733 a.
712 712 743 733 u.
766 704 788 734 t.
1442 710 1475 733 10

228 752 302 786 541.
339 762 377 785 IN
399 762 515 786 ROSTE
539 763 671 787 PRIAMO
697 757 754 787 aut
781 755 981 787 archaismos
1003 757 1071 797 est,
1096 757 1153 787 aut
1177 755 1227 787 ‘in
1249 755 1369 798 hoste’,
1392 756 1425 788 id

143 808 193 838 est
217 817 290 838 cum
313 806 441 839 hostem
467 810 608 850 gereret,
632 819 705 840 cum
729 809 798 850 ipse
817 809 923 841 hostis
944 810 1039 841 esset.
1066 809 1116 840 hie
1135 808 1296 841 ‘Priamo'
1315 818 1425 841 nomen

137 860 276 899 positum
298 870 421 892 sensum
443 861 625 906 validiorem
646 862 736 901 facit,
759 862 814 894 hoc
836 865 880 894 est
906 862 1049 903 Priamo,
1072 863 1127 902 qui
1152 865 1224 894 tunc
1249 863 1312 904 fui,
1335 864 1426 903 quasi

138 913 204 944 iam
232 923 293 945 esse
320 914 458 946 desierit:
488 915 601 946 seilicet
622 926 710 955 quem
737 926 845 956 operae
866 916 1004 957 pretium
1025 915 1090 956 fuit
1111 916 1250 948 occidere.
1341 926 1425 949 IVRA

137 974 319 1004 FIDEMQVE
349 976 523 1000 SVPPLICIS
553 964 707 1000 ERVBviT
736 969 826 1011 quia,
855 968 1131 1011 quod,Homerus
1147 971 1279 1012 mutat,
1307 970 1425 1002 dicitur
1446 978 1477 1001 15

137 1018 288 1052 Priamus
304 1020 383 1052 duce
397 1020 558 1052 Mercurio
579 1021 747 1063 ingressus
767 1021 906 1054 Achillis
925 1022 1069 1054 tentoria
1089 1023 1264 1055 excitatum
1282 1034 1424 1066 rogasse,

138 1083 232 1114 quem
257 1073 470 1106 dormientem
494 1076 607 1116 posset
636 1075 790 1107 occidere.
837 1074 939 1107 ‘iura’
963 1086 1054 1117 vero,
1079 1076 1163 1118 quod
1188 1088 1207 1108 a
1230 1087 1307 1118 rege
1331 1087 1424 1119 roga-

137 1126 243 1158 batur.
288 1127 392 1167 fidem,
415 1128 490 1168 quia
512 1132 647 1168 suffles).
692 1129 821 1169 quidam
849 1128 938 1161 ‘iura
965 1129 1131 1170 fidcmque'
1159 1130 1206 1161 ita
1229 1130 1423 1171 intellequnt:

139 1180 253 1223 ‘iura',
275 1182 358 1222 quod
374 1173 536 1213 Hectorem
555 1182 703 1224 reddidit,
726 1181 858 1223 ‘fiidem',
877 1183 959 1223 quod
974 1193 1022 1214 me
1040 1183 1076 1214 in
1093 1193 1162 1215 mea
1179 1194 1274 1224 reqna
1295 1185 1422 1216 remisit.

227 1235 302 1266 542.
339 1248 484 1267 sermono
506 1245 567 1275 pro
591 1234 645 1267 ‘ad
666 1235 857 1276 sepulcrum'.
1441 1245 1475 1268 20

227 1287 301 1320 543.
339 1297 483 1320 REMISI'r
507 1288 680 1321 comitatus
705 1300 807 1330 usque
831 1289 871 1321 ad
887 1289 1020 1321 Troiam
1044 1292 1103 1321 est.
1131 1293 1159 1322 et
1180 1291 1258 1322 mire
1282 1290 1332 1322 ‘in
1354 1301 1422 1323 mea

135 1351 232 1381 reqna
253 1341 399 1380 remisit',
422 1353 491 1374 eum
508 1342 660 1383 potuisset
675 1353 734 1383 per
757 1353 804 1374 me
827 1353 922 1384 reqna
944 1335 1013 1375 mea
1036 1354 1148 1384 capere.

226 1394 301 1426 544.
337 1403 492 1427 INBELLE
515 1396 580 1436 ipSe
603 1396 736 1437 inbellis,
760 1398 797 1427 ut
821 1396 931 1437 <510>
955 1396 1096 1428 inutile
1120 1397 1272 1429 ferrum.

226 1447 300 1479 545.
337 1461 431 1481 RAVco
450 1462 529 1481 AERE
555 1449 598 1480 ad
623 1452 743 1481 scutum
770 1450 896 1481 rettulit.
1008 1462 1150 1483 PROTINVS
1168 1463 1246 1482 AERE
1265 1464 1424 1484 REPVLSVM

139 1502 245 1533 statim
262 1501 463 1543 prohibitum.
1438 1511 1472 1535 25

226 1555 300 1587 546.
338 1564 546 1594 NEQVIQVAM
562 1555 668 1588 ‘non'.
692 1556 738 1588 sic
752 1556 881 1589 Persius
897 1557 952 1598 <II
968 1557 1032 1598 51>
1048 1557 1281 1599 nequiquam
1301 1557 1419 1589 fundo

138 1608 310 1649 suspiret
338 1619 513 1640 nummus
541 1610 578 1641 in
607 1610 691 1641 imo.
736 1620 811 1642 sane
837 1611 965 1650 quidam
990 1610 1190 1652 ‘nequiquam
1217 1611 1346 1643 umbone
1367 1622 1419 1651 pe-

209 1708 223 1731 1
242 1705 325 1731 funus
345 1705 419 1732 enim
439 1727 445 1732 .
462 1727 467 1732 .
485 1727 490 1733 .
511 1706 681 1741 sepulcrum]
703 1714 786 1734 exscr.
807 1706 870 1733 Isid.
891 1706 960 1741 orig.
980 1707 1019 1734 XI
1038 1711 1063 1742 2,
1083 1711 1116 1734 35

209 1797 222 1820 1
244 1794 344 1821 ardens
363 1794 420 1821 iam
436 1795 473 1820 M
489 1796 499 1829 ΙΙ
513 1798 528 1821 3
549 1795 728 1829 sepulchrum
745 1795 804 1822 CH
808 1796 844 1822 M
848 1796 892 1822 ΕΖ
911 1797 1051 1830 sepultum
1066 1797 1092 1822 L
1107 1799 1131 1823 et
1146 1797 1217 1823 Isid.
1232 1797 1241 1830 ΙΙ
1255 1799 1270 1822 5
1288 1797 1419 1823 scholium

137 1830 174 1856 ad
191 1838 216 1856 v.
237 1833 288 1856 540
303 1833 367 1863 post
385 1830 441 1856 dici
460 1831 501 1863 (p.
514 1833 569 1857 300
589 1831 637 1857 lin.
659 1832 702 1864 15)
720 1832 830 1864 praebet
850 1832 873 1858 G
885 1833 894 1865 Η
908 1840 933 1858 Α.
953 1843 976 1859 τ.
997 1842 1022 1858 u.
1045 1832 1068 1858 C
1084 1833 1094 1866 ss
1113 1835 1127 1858 6
1147 1832 1228 1858 bonis
1249 1833 1419 1859 Masvieius:

139 1865 227 1892 bonos
247 1866 270 1892 0
282 1866 291 1899 ΙΙ
306 1869 320 1892 7
341 1866 429 1892 bonos
448 1866 596 1899 »Scioppius
615 1869 698 1893 enot..·
717 1867 805 1893 bonus
821 1867 844 1893 0
856 1867 865 1901 ΙΙ
881 1870 911 1893 11
928 1868 965 1894 ad
979 1876 1003 1893 v.
1019 1870 1069 1894 541
1091 1868 1164 1902 lura]
1181 1868 1256 1901 quod
1270 1868 1419 1894 Hectorem

138 1901 313 1934 (electorum)
329 1922 334 1927 .
351 1922 357 1927 .
374 1922 380 1927 .
395 1901 511 1928 remisit.
527 1902 554 1927 P
564 1903 573 1935 ΙΙ
588 1902 772 1936 archaismos]
789 1904 939 1929 aroaismos
954 1911 987 1929 esc
1001 1912 1155 1930 sarcasmos
1170 1903 1196 1928 L
1215 1904 1366 1930 arcaismos
1381 1904 1418 1930 H.

137 1944 218 1963 casus
237 1945 287 1971 pro
307 1945 372 1963 casu
391 1937 455 1963 add.
471 1937 501 1962 E
513 1937 522 1971 ΙΙ
537 1938 590 1972 est]
611 1946 661 1971 pro
680 1938 710 1964 in
728 1938 839 1964 hostem
853 1939 917 1965 add.
932 1939 961 1964 D
975 1940 984 1972 ΙΙ
1000 1942 1033 1964 14
1052 1939 1192 1972 praetium
1209 1939 1232 1965 0
1242 1940 1251 1973 ss
1268 1942 1298 1965 15
1316 1949 1418 1965 sverm-

139 1981 190 1998 cns
212 1971 235 1998 0
250 1973 260 2006 ΙΙ
284 1975 316 1999 16
337 1973 406 1999 duce
426 1974 469 2006 (eae
488 1973 597 2006 ducem)
617 1973 754 2000 mercurio
774 1974 898 2008 priamus
919 1974 942 2000 0
963 1975 972 2008 ss
994 1975 1146 2001 tentorium
1169 1975 1205 2000 M
1225 1975 1234 2008 ΙΙ
1259 1978 1290 2001 17
1310 1975 1385 2008 quod
1403 1983 1420 2001 a

139 2015 204 2041 rege
223 2008 387 2042 rogabatur]
413 2008 478 2042 quia
503 2017 551 2035 rex
575 2009 695 2043 rogabat
714 2009 742 2036 Ο.
780 2009 912 2043 quicquid
936 2010 1010 2035 enim
1034 2019 1051 2036 a
1069 2019 1134 2044 rege
1158 2012 1273 2043 rogatus
1292 2011 1352 2044 (sic)
1371 2010 1419 2037 ad-

137 2043 247 2076 impleri
271 2044 383 2077 oportet
401 2044 433 2070 in
451 2053 536 2078 marq.
557 2045 621 2071 add.
641 2045 650 2071 l
668 2045 677 2078 ΙΙ
701 2047 734 2071 20
755 2054 906 2071 survncnno
928 2045 950 2071 O
966 2046 975 2079 ΙΙ
997 2048 1029 2071 21
1050 2054 1136 2079 usque
1156 2054 1206 2072 om.
1227 2046 1264 2072 M
1268 2054 1281 2072 e
1298 2047 1308 2079 ΙΙ
1329 2049 1362 2072 23
1382 2047 1420 2073 ad

136 2086 161 2104 v.
181 2081 234 2105 544
253 2079 359 2106 Inbelle
378 2079 504 2114 (inbele)]
525 2080 585 2114 ipse
604 2080 715 2107 inbellis
741 2080 877 2114 (iubens),
900 2081 932 2106 ut
952 2081 1066 2108 ‘inutile
1089 2081 1219 2108 ferrum’.
1246 2081 1274 2107 P
1295 2082 1304 2115 ΙΙ
1325 2084 1359 2107 24
1382 2082 1419 2108 ad

137 2122 161 2140 v.
181 2117 233 2140 545
251 2114 347 2141 Rauco
373 2115 449 2149 aere]
474 2116 510 2141 ad
533 2117 641 2142 scutum
661 2137 666 2142 .
683 2137 688 2142 .
706 2137 711 2142 .
729 2115 911 2150 prohibitum.
932 2116 960 2142 P
980 2117 990 2150 ΙΙ
1013 2119 1046 2143 26
1072 2118 1109 2143 ad
1131 2125 1155 2143 v.
1176 2120 1227 2144 546
1251 2117 1288 2143 Et
1311 2126 1418 2143 summo

138 2149 221 2183 clipei
238 2150 409 2184 nequiquam
428 2151 548 2177 umbone
568 2151 715 2186 pependit]
743 2152 861 2178 eandem
879 2160 938 2178 rem
962 2152 1005 2178 bis
1029 2152 1114 2186 dixit,
1137 2161 1200 2178 cum
1223 2152 1420 2187 praecessisset

139 2185 238 2212 ‘rauco
257 2186 332 2219 quod
350 2187 478 2220 protinus
498 2195 562 2213 aere
581 2187 752 2221 repulsum’,
773 2188 848 2221 quod
867 2187 941 2214 idem
965 2189 1008 2214 est
1028 2188 1074 2215 ‘et
1092 2196 1200 2215 summo
1220 2188 1304 2222 clipei
1322 2189 1418 2221 nequi-

139 2228 223 2253 quam
248 2221 368 2248 umbone
391 2222 551 2256 pependit'.
578 2223 605 2248 P
625 2224 635 2257 ΙΙ
658 2231 815 2252 Nstvau
835 2245 841 2250 .
858 2244 863 2250 .
880 2244 886 2249 .
906 2221 1108 2257 ἐπεξεργασιάν
1131 2224 1276 2258 excusant]
1301 2224 1418 2250 eandem

137 2264 196 2282 rem
223 2256 266 2283 bis
292 2256 376 2290 dixit;
402 2266 465 2284 cum
491 2259 690 2292 praecessisset
714 2280 720 2285 .
736 2279 742 2285 .
759 2279 765 2285 .
789 2260 911 2285 excusat.
955 2267 1022 2286 sane
1048 2259 1162 2293 quidam
1186 2281 1192 2286 .
1207 2279 1235 2286 ..
1260 2259 1309 2285 alii
1334 2267 1418 2285 unam

140 2291 313 2326 eandemque
337 2301 396 2319 rem
419 2293 463 2320 bis
487 2294 591 2320 dictam
614 2294 713 2321 volunt
738 2295 767 2321 et
789 2294 959 2328 superfluum
982 2295 1092 2328 putant.
1134 2304 1290 2325 neoviquu
1389 2294 1419 2320 in

139 2327 206 2354 imo.
226 2328 395 2360 Masvicius,
413 2337 490 2363 quem
507 2329 691 2357 Burmannus
714 2333 739 2356 et
757 2330 831 2357 Lion
853 2331 938 2357 secuti
959 2333 1032 2358 sunt.
1055 2332 1065 2365 ΙΙ
1088 2334 1121 2357 27
1146 2330 1278 2365 suspiret]
1303 2329 1420 2364 suspicit

142 2363 166 2389 C
186 2364 196 2397 ss
218 2372 318 2390 numus
338 2364 371 2390 H
390 2366 400 2398 ΙΙ
422 2364 490 2398 imo]
510 2374 638 2392 Peri-:umi-
663 2365 802 2399 quomodo
823 2366 998 2400 ‘pependit',
1018 2375 1080 2392 cum
1104 2366 1205 2392 dixerit
1225 2366 1325 2391 ‘rauco
1344 2365 1418 2398 quod
