1630 2684
377 153 490 181 COMM.
510 154 549 180 IN
567 154 676 180 VERG.
698 154 780 180 AEN.
800 154 820 180 I.
841 157 988 181 293-295.
1260 155 1321 186 109

130 234 205 265 293.
243 243 349 265 nntius
380 245 453 266 cum
482 236 612 275 apertae
641 237 725 267 sinit.
818 237 918 275 omar]
949 235 1003 267 hoe
1025 239 1068 268 est
1090 237 1322 278 abominandae,

40 287 124 319 alias
159 286 278 319 ‘dirae’
311 297 441 328 nmynae
474 299 522 319 an
555 299 623 320 sua
656 289 785 329 cuique
819 289 905 320 deus
934 290 986 328 fit
1015 290 1100 321 dira
1134 291 1263 331 cupido
1295 293 1324 322 et

39 341 115 372 iam
138 342 212 372 tum
234 341 367 381 reliyio
384 341 544 381 pavidos
567 342 728 373 terrebat
749 344 911 382 ayrestes
933 343 1018 373 (lira
1042 343 1112 374 loci
1139 345 1167 374 et
1193 344 1321 375 dieun-

41 396 103 426 tur
122 394 289 435 yeminae
309 397 430 434 pestes
459 396 668 435 eoqnomine
695 395 822 427 Dirae.
919 404 1139 428 COMPAvas
1168 397 1321 438 ambages

40 449 73 479 et
96 457 269 489 compages
294 448 420 489 antiqui
444 450 573 480 tantum
605 448 769 490 dicebant,
800 449 975 490 posteritas
1007 449 1139 481 admisit
1163 452 1200 481 ut
1223 450 1320 481 etiam

41 510 198 542 compago
231 500 369 532 dicatur:
407 501 463 533 sed
495 513 562 533 non
593 502 670 543 quia
704 503 813 534 varius
850 514 920 534 esse
952 504 1063 544 potest
1094 503 1323 543 nominativus,

41 554 137 586 debet
160 554 259 585 etiam
277 554 451 587 declinatio
471 555 605 596 mutari,
627 556 898 597 quemadmodum
916 567 976 588 nec
994 556 1028 587 in
1047 556 1119 587 istis
1138 555 1323 587 nominibus

40 608 138 640 arbor
160 608 271 649 arbos,
294 619 406 640 vomer
430 609 547 650 vomis3
571 620 645 640 nam
673 611 704 640 et
723 610 861 641 vomeris
887 611 920 641 et
939 610 1063 641 arboris
1083 611 1212 641 tantum
1235 609 1323 641 facit.

40 671 118 703 ergo
146 671 319 703 compages
347 663 529 703 compagis⁷
558 663 712 704 quoniam
741 673 899 705 compago
928 665 1118 705 usurpatum
1147 665 1211 705 est3
1239 674 1322 695 com-

39 714 168 757 paginis
192 714 279 746 enim
302 726 397 747 nemo
421 715 550 757 penitus
575 716 662 747 dicit.

130 767 205 799 294.
247 781 336 800 Βειιι
357 781 468 800 pomae
499 768 575 800 Iani
603 770 733 809 yemini,
770 780 848 809 quae
880 769 954 800 bello
986 769 1215 810 aperiebantur,
1246 779 1324 809 paee

43 817 270 853 claudebantur.
315 821 381 852 ideo
403 823 506 852 autem
535 821 638 853 Ianus
667 822 737 853 belli
767 825 897 865 tempore
922 822 1099 862 patefiebat,
1129 824 1164 853 ut
1192 823 1323 854 eiusdem

42 876 214 915 compa-m
234 884 290 914 per
312 874 422 905 bellum
439 876 572 914 pateret,
596 875 630 906 in
653 876 739 907 euius
756 878 904 915 potestate
922 878 996 907 esset
1018 876 1118 907 exitus
1135 876 1322 916 reditusque;

9 935 12 938 '
42 929 77 960 id
97 928 180 960 enim
202 928 272 968 ipsa
293 928 450 968 signifieat
472 929 537 960 eius
559 929 686 969 effiyies,
709 929 885 970 praebentis
906 940 938 961 se
960 929 1101 960 euntibus
1124 931 1152 960 et
1173 930 1323 960 redeunti—

42 982 98 1014 bus
129 982 242 1013 ducem.
291 980 372 1012 hune
403 984 505 1013 autem
537 982 612 1013 olim
645 982 753 1013 Numa
781 982 955 1023 Pompilius
984 983 1069 1024 feeit,
1101 983 1189 1014 euius
1215 985 1324 1022 portas

38 1035 127 1077 reyni
154 1037 285 1075 tempore
313 1035 432 1066 elausit.
523 1044 639 1067 FVROR
668 1044 786 1067 1M1³1vs
811 1044 915 1068 INTvs
944 1038 981 1067 ut
1009 1036 1156 1077 superius
1185 1036 1323 1067 diximus

41 1091 175 1130 propter
193 1088 281 1120 bella
300 1088 422 1129 civilia,
446 1099 528 1130 quae
553 1090 646 1130 gesta
670 1090 746 1119 sunt
769 1092 883 1120 contra
902 1089 1041 1120 Brutum
1063 1091 1095 1120 et
1115 1088 1263 1121 Cassium
1282 1089 1323 1120 ab

41 1143 192 1183 Augusto
224 1141 259 1172 in
291 1141 467 1183 Philippis,
500 1144 614 1173 contra
647 1141 780 1173 Sextum
809 1142 1001 1183 Pompeium
1034 1142 1074 1174 ab
1106 1142 1257 1184 Augusto
1290 1143 1324 1174 in

41 1188 159 1227 Sicilia.
249 1197 306 1226 aut
331 1195 411 1226 sient
436 1195 564 1235 quidam
594 1196 722 1227 tradunt
750 1208 846 1228 FVROR
865 1208 968 1227 meus
988 1208 1076 1227 rivrrs
1102 1206 1164 1227 non
1191 1196 1226 1227 in
1253 1196 1325 1227 aede

39 1248 130 1287 Iani,
162 1248 215 1280 sed
245 1248 280 1279 in
312 1248 379 1280 alia
406 1249 441 1280 in
466 1249 535 1288 foro
562 1249 699 1290 Auyustz'
727 1249 951 1280 introeuntibus
982 1249 1025 1280 acl
1056 1249 1231 1288 sinistram,
1261 1249 1326 1288 fuit

40 1302 151 1334 bellum
167 1302 289 1343 pictum
312 1305 340 1334 et
359 1302 451 1342 furor
467 1303 573 1334 sedens
595 1313 686 1343 super
705 1313 796 1334 arma
815 1303 968 1334 devinctus
986 1312 1019 1334 eo
1037 1302 1144 1333 habitu
1162 1312 1220 1342 quo
1234 1304 1324 1343 poeta

40 1356 127 1387 dixit.

130 1408 204 1440 295.
235 1417 347 1440 SAEVA
367 1418 500 1441 sumens
521 1418 631 1441 SVPER
650 1418 746 1440 ARMA
767 1409 942 1440 secundum
962 1408 1130 1450 antiquam
1149 1408 1324 1440 licentiam.

41 1462 206 1494 sciendum
225 1464 337 1494 tamen
356 1464 406 1494 est
424 1461 521 1495 hodie
542 1462 599 1494 ‘in'
620 1465 653 1494 et
673 1462 756 1494 ‘sub'
781 1465 908 1494 tantum
930 1473 1116 1494 communes
1141 1473 1210 1494 esse
1233 1473 1324 1504 prae-

40 1516 228 1557 positiones.
274 1518 417 1547 ceterum
442 1516 562 1557 ‘super'
588 1519 620 1548 et
645 1516 779 1548 ‘subter'
804 1517 871 1548 iam
895 1516 1097 1548 accusativae
1122 1517 1210 1556 sunt,
1243 1516 1326 1547 sicut

44 1569 153 1601 ‘clam'
178 1571 210 1601 et
234 1569 341 1611 ³post’,
365 1581 447 1612 quae
472 1573 547 1602 ante
572 1581 759 1602 communes
782 1570 926 1601 fuerunt:
950 1581 1035 1601 nunc
1059 1570 1092 1600 in
1120 1569 1171 1600 his
1200 1570 1326 1601 mutata

42 1625 160 1655 natura
184 1625 240 1655 est.
288 1625 384 1664 [erqo]
409 1637 502 1655 svm-13
524 1634 585 1664 pro
612 1634 718 1664 supra.
764 1626 792 1655 et
819 1634 901 1655 nune
928 1623 1001 1655 haee
1022 1623 1211 1663 praepositio
1239 1633 1324 1654 aeau-

111 1741 127 1764 2
147 1746 184 1764 an
203 1737 264 1773 sua]
284 1738 316 1765 A.
336 1738 374 1764 IX
395 1740 445 1764 183
468 1739 478 1771 ΙΙ
501 1741 516 1764 3
540 1737 597 1765 iam
617 1738 690 1773 tum]
715 1738 746 1763 A.
766 1737 832 1763 VHI
856 1740 907 1764 349
931 1738 940 1771 ΙΙ
963 1737 1104 1771 dicuntur]
1125 1737 1156 1763 A.
1177 1737 1227 1762 XII
1247 1739 1298 1763 845
1317 1737 1325 1769 ξ,

43 1776 77 1800 24
96 1773 239 1800 sciendum
258 1776 354 1800 tamen
373 1774 416 1800 est
434 1782 457 1800 e.
474 1782 499 1807 q.
516 1773 549 1808 s.]
571 1773 647 1800 Serv.
668 1782 766 1800 comm.
786 1773 815 1799 in
835 1773 904 1799 Don.
925 1782 951 1807 p.
973 1776 1033 1806 419,
1052 1775 1086 1799 26
1106 1781 1165 1806 sqq.

113 1884 127 1906 1
155 1881 192 1907 ad
210 1889 233 1907 v.
255 1883 305 1907 293
325 1880 421 1914 Dirae]
442 1888 562 1914 magnae
663 1880 773 1914 cupido.
810 1879 1010 1914 Compagibus]
1038 1879 1171 1912 ambages
1198 1879 1227 1904 et
1252 1885 1325 1904 com-

41 1924 127 1957 pages
155 1937 182 1943 ..
199 1937 205 1943 .
230 1924 313 1943 nemo
339 1915 450 1949 penitus
474 1915 550 1942 dicit.
580 1915 607 1940 P
628 1916 638 1949 ΙΙ
661 1919 677 1942 3
703 1915 814 1949 relligio
836 1915 859 1941 C
879 1917 889 1949 n
917 1918 933 1941 4
959 1923 1121 1941 conmcmvs
1149 1913 1217 1939 KH
1235 1914 1245 1947 l]
1268 1922 1325 1939 am-

0 1958 2 1960 ·
40 1952 159 1986 pagrbus
185 1960 335 1986 compages
354 1951 381 1977 B
416 1959 567 1985 compages
594 1951 738 1985 compagis
763 1951 906 1977 Leidensis
928 1951 974 1976 sni
998 1950 1180 1976 testimonium
1202 1949 1326 1982 praefert

41 1987 222 2014 Burmannus
245 1988 254 2021 ΙΙ
278 1990 294 2014 6
313 1987 453 2013 diceretur
473 1987 509 2012 M
522 1988 561 2020 119
581 1995 648 2020 ergo
668 1995 805 2020 compago
825 1986 969 2020 compagis
989 1985 1016 2010 P
1031 1986 1146 2018 fortasse
1165 1992 1232 2018 ergo
1248 1992 1325 2024 *com-

41 2031 127 2057 pages
156 2031 292 2057 compago
322 2022 466 2056 compagis
489 2023 498 2056 ΙΙ
521 2022 671 2056 compago]
701 2031 838 2056 compago
866 2022 909 2047 nis
937 2022 964 2046 B
987 2023 996 2055 ΙΙ
1019 2020 1068 2047 sed
1096 2020 1271 2054 compagims
1299 2020 1326 2045 B

42 2058 185 2093 compagis
211 2060 305 2085 autem
328 2058 356 2084 P
383 2058 556 2092 compaginis
582 2060 676 2084 autem
698 2058 733 2083 M
756 2059 765 2090 ΙΙ
789 2061 821 2083 10
847 2065 930 2084 nemo
957 2057 1068 2090 penitus
1095 2055 1172 2082 dicit.
1212 2055 1326 2082 Ovidius

0 2110 4 2111 ν
42 2094 138 2120 tamen
155 2094 185 2121 in
203 2094 294 2128 primo
313 2094 578 2128 metamorphoseon
598 2094 670 2126 (711)
695 2093 736 2119 ait
756 2093 856 2127 ‘atque
875 2093 916 2119 ita
935 2091 1091 2126 disparibus
1117 2091 1233 2118 calamis
1253 2099 1325 2117 com-

41 2129 142 2164 pagine
169 2130 275 2156 cerae’.
313 2129 479 2164 compagine
506 2138 523 2155 a
549 2129 673 2163 genitivo
697 2128 871 2163 compaginis
895 2136 955 2154 esse
983 2127 1112 2154 arbitror.
1141 2127 1171 2153 D
1195 2128 1204 2160 ΙΙ
1228 2130 1259 2153 11
1290 2127 1327 2153 ad

42 2173 66 2192 v.
85 2168 137 2191 244
156 2165 229 2192 Belli
247 2166 358 2200 portae]
378 2165 438 2192 Iani
456 2165 561 2199 gemini
585 2172 656 2198 quae
683 2164 758 2191 bello
785 2164 996 2198 aperiebantur,
1023 2171 1092 2197 pace
1117 2162 1325 2189 claudebantur.

43 2199 130 2227 Furor
148 2201 251 2235 impius
268 2201 354 2235 intus]
375 2201 421 2227 uel
440 2203 472 2227 ut
491 2200 617 2234 superius
637 2199 742 2226 dictum
763 2201 806 2226 est
823 2200 938 2234 propter
955 2199 1031 2226 bella
1050 2198 1146 2225 ciuilia
1165 2219 1170 2224 .
1189 2220 1193 2224 .
1211 2219 1216 2224 .
1235 2197 1264 2223 in
1284 2197 1325 2224 Si-

43 2235 114 2263 cilia.
151 2236 201 2263 alii
218 2237 296 2263 furor
318 2236 421 2270 impius
440 2237 515 2262 intus
541 2244 596 2263 non
620 2236 650 2262 in
674 2236 743 2262 aede
763 2235 823 2262 Iani
843 2257 848 2262 .
865 2256 870 2261 .
888 2256 893 2261 .
913 2236 998 2268 poeta
1016 2234 1095 2260 dixit.
1116 2234 1143 2259 P
1162 2234 1172 2267 fl
1196 2236 1227 2259 12
1248 2234 1323 2267 pete-

43 2271 128 2298 fiebat
147 2271 170 2298 Ο
189 2273 199 2306 ss
223 2275 256 2298 14
276 2281 305 2299 se
325 2272 455 2298 euntibus
476 2272 646 2298 Masciems:
666 2271 844 2305 sequentibus
866 2270 909 2304 01]
925 2274 956 2297 16
977 2280 1064 2296 minvs
1083 2269 1115 2295 K
1127 2270 1136 2303 ΙΙ
1151 2272 1184 2295 20
1205 2267 1325 2308 austusti

43 2306 239 2334 introiuntibus
259 2308 287 2334 P
305 2309 314 2342 ΙΙ
337 2311 369 2334 21
391 2308 536 2334 devinctus
557 2307 590 2333 0:
618 2307 712 2333 aeneis
735 2307 845 2333 uinctus
870 2307 898 2332 P
925 2306 1030 2333 catenis
1053 2305 1195 2332 revinctus
1216 2304 1325 2330 Masat—

43 2343 102 2369 cius
123 2343 133 2377 ss
154 2343 233 2370 abitu
251 2344 279 2369 P
297 2345 307 2377 ΙΙ
339 2346 372 2370 25
392 2343 566 2370 accustiuum
585 2343 617 2368 K
637 2344 646 2376 ΙΙ
670 2345 704 2369 26
728 2344 813 2369 antea
832 2342 902 2368 LM
923 2343 932 2376 ΙΙ
956 2349 1116 2368 communes
1141 2340 1254 2366 fuerunt
1275 2360 1302 2366 ..
1319 2359 1325 2364 .

43 2379 142 2405 natura
161 2380 203 2406 est
221 2379 231 2406 l
249 2380 280 2405 in
298 2388 383 2413 maro.

1341 454 1356 477 <5¹

1343 720 1375 744 10

1345 987 1376 1010 15

1343 1254 1377 1277 20

1344 1521 1377 1545 25
