1722 2670
480 134 593 163 COMM.
614 134 653 162 IN
671 133 780 163 VERG.
799 133 885 163 AEN.
902 134 950 161 111.
972 137 1120 162 ies-434.
1370 133 1434 166 367

155 217 345 251 celeumatis
368 229 445 250 usus
469 218 528 259 est,
551 216 584 248 id
608 218 658 248 est
682 217 890 258 anapaestico
914 217 1064 249 trimetro
1087 217 1359 259 hypercatalecto.
1388 227 1436 248 ce-

155 271 264 304 leuma
287 273 397 304 autem
421 270 513 313 quasi
535 271 757 312 praeceptum:
791 270 874 302 unde
903 256 1079 303 Sallustius
1107 271 1154 302 ait
1181 270 1437 312 inpediebant

156 325 266 358 iussa
288 327 500 358 nautarum.

249 380 322 412 129.
358 391 546 415 monosovs
571 389 646 411 sane
670 377 829 419 ‘proavos’
852 378 1037 418 appellando
1060 377 1269 418 coynationem
1292 377 1435 409 declarat.

249 433 321 465 130.
357 440 514 465 SVRGENS
538 431 631 474 flans,
654 434 690 464 ut
705 431 813 473 <481>
828 433 865 463 et
888 431 1004 463 fando
1029 433 1236 473 surgentes
1259 431 1437 462 demoror
1457 438 1486 469 5,

156 488 326 518 austros:
350 487 480 518 econtra
503 497 569 518 non
591 486 674 517 flans
698 496 821 526 ponens
846 487 878 517 et
901 485 1044 516 residens
1067 484 1195 526 dicitur,
1218 486 1255 516 ut
1270 484 1355 525 <VII
1371 484 1436 525 27>
1466 507 1470 511 -

158 551 239 572 cum
263 539 370 572 venti
392 550 555 581 posuere
579 539 779 580 omnisque
803 541 963 580 repente
986 538 1134 570 resedit
1156 538 1288 570 flatus.

248 594 319 625 131.
356 602 401 625 ΕΤ
422 601 570 628 TANDEM
594 593 634 624 ad
658 592 852 624 desiderium
874 592 1018 634 pertinet
1041 592 1267 634 navigantum3
1292 603 1368 623 nam
1392 602 1437 622 se-

156 647 266 689 quitur
289 646 384 688 ‘ergo
408 646 522 678 avidus
545 645 680 678 muros'.
817 654 983 677 CVRETVM
1011 645 1044 677 lu·
1074 644 1208 677 Curetes
1237 647 1314 677 sunt
1342 645 1438 686 primi

156 700 298 732 cultores
322 698 447 732 Cretae.
488 700 548 731 alii
571 700 700 732 tradunt
722 699 844 731 Curetes
867 701 896 730 et
919 699 1112 740 Corybantes,
1135 700 1246 731 matris
1269 699 1358 730 deum
1380 698 1435 730 mi·
1457 704 1490 727 10

155 754 282 795 nistros,
315 754 449 786 custodes
471 754 551 785 sieut
572 754 687 785 dietum
709 755 753 785 est
776 752 883 793 <111>
904 753 995 793 pueri
1018 752 1118 791 Iovis,
1151 753 1194 784 ad
1209 753 1369 793 plurimas
1390 762 1439 783 res

156 808 290 839 maoeimi
311 817 386 839 usus
408 807 583 839 hominibus
605 807 747 839 extitisse.
834 819 1008 838 amasinum
1031 806 1161 838 ostendit
1176 816 1360 846 prosperam
1383 815 1439 837 na-

156 861 340 902 viyatimwm
361 861 467 900 fuisse.

248 914 319 946 132.
357 927 431 946 meo
451 926 524 946 Διίι)
532 926 564 946 Vs
582 927 679 946 ursos
698 914 772 946 ordo
790 916 834 945 est
853 913 979 946 ‘avidus
1000 913 1087 945 urbis
1110 915 1230 954 optatae
1248 922 1353 944 muros
1375 922 1438 943 mo-

157 966 243 1008 lior',
265 977 329 999 non
352 966 478 999 ‘avidus
501 966 637 999 molior’.
1461 970 1493 993 15

249 1022 320 1053 133.
358 1030 649 1060 PERGAMEAMQVE
683 1030 775 1053 voco
808 1031 943 1062 zeugma
976 1032 995 1052 a
1029 1020 1264 1062 superioribus,
1296 1019 1359 1051 hoc
1390 1020 1440 1050 est

157 1075 280 1107 urbem.
319 1075 429 1116 legitur
451 1085 526 1107 sane
549 1075 583 1106 in
606 1075 694 1107 libris
717 1075 952 1114 antiquioribus,
976 1074 1114 1106 Aeneam
1137 1084 1203 1105 vere
1222 1073 1345 1105 Cretam
1369 1075 1440 1103 tem-

153 1131 271 1169 pestate
302 1128 438 1160 delatum
471 1129 569 1160 locum
599 1128 727 1160 Troiam
759 1129 883 1160 nomine
910 1128 1097 1169 Pergamum
1130 1127 1338 1168 appellavisse.
1383 1126 1442 1157 alii

157 1183 270 1224 diermt,
293 1182 482 1223 Peryamum
504 1182 539 1213 in
553 1181 644 1214 Creta
667 1182 821 1214 conditam
844 1192 865 1213 a
880 1181 1029 1213 Troianis
1051 1182 1189 1222 captivis,
1212 1181 1266 1221 qui
1288 1191 1325 1212 ex
1348 1180 1442 1212 classe

157 1235 400 1275 Aqamemnonis
417 1236 471 1268 illo
489 1238 579 1267 erant
596 1235 690 1268 delati
704 1236 724 1275 †
738 1235 839 1276 ibique
851 1237 969 1275 putant
982 1235 1121 1267 Aeneam
1139 1235 1301 1275 quendam,
1322 1233 1442 1274 (seueris
1460 1238 1494 1261 20

157 1291 319 1329 auctorem,
342 1290 410 1321 Ilio
433 1289 580 1321 ineolumi
602 1299 672 1321 eum
695 1299 728 1320 eo
746 1289 790 1320 ad
806 1299 932 1321 sacrum
946 1288 1104 1328 Apollinis
1121 1288 1257 1328 venisset,
1277 1287 1442 1328 yravidam

155 1342 284 1383 hospitis
314 1343 416 1384 filiam
448 1343 570 1383 feeisse;
607 1353 643 1374 ea:
674 1353 736 1383 qua
765 1344 850 1374 ortus
871 1342 979 1373 *eodem
1009 1342 1133 1373 nomine
1165 1341 1287 1373 Aeneas
1317 1340 1442 1372 classem

157 1396 402 1437 Aqamemnonis
424 1399 468 1428 est
489 1397 651 1437 adm-ossus
673 1395 770 1427 hieme
793 1396 965 1436 disiectam,
997 1395 1047 1426 eui
1074 1405 1105 1427 se
1131 1394 1277 1434 feruntur
1304 1394 1443 1425 iunxisse

158 1449 199 1488 hi,
222 1450 276 1490 qui
291 1448 414 1482 Cretam
436 1452 618 1482 secesserant
639 1450 753 1481 deserto
768 1449 1014 1490 Agamemnone:
1038 1449 1119 1480 unde
1144 1448 1206 1480 loeo
1231 1457 1344 1479 nomen
1366 1447 1442 1478 Per-

156 1513 285 1543 9amum
307 1503 346 1535 ab
369 1504 423 1535 illo
446 1504 595 1544 inditum,
622 1503 703 1543 quod
729 1503 894 1534 obtinuisse
917 1503 1080 1534 desertores
1101 1501 1246 1541 feruntur
1269 1502 1359 1533 iuxta
1382 1499 1439 1541 Cy·
1462 1505 1495 1528 25

159 1557 295 1588 doniam.
337 1557 419 1597 quod
437 1559 559 1596 poetam
582 1556 709 1588 latenter
731 1556 869 1597 attiyisse
891 1556 1029 1587 debemus
1051 1555 1192 1596 accipere.
1301 1562 1443 1586 GENTEM

162 1610 323 1642 sociorum
347 1610 605 1651 multitudinem,
629 1608 783 1641 ‘laetam’
808 1611 918 1641 autem
941 1610 1075 1650 propter
1098 1607 1258 1650 Pergama
1282 1607 1443 1639 restituta.

253 1672 325 1704 134.
362 1681 482 1703 AMARE
506 1679 616 1704 rocos
641 1671 799 1703 sacrificia
822 1671 993 1703 celebrare.
1027 1671 1154 1712 quidam
1179 1669 1290 1710 ‘focos'
1315 1670 1394 1701 lares
1417 1671 1446 1701 et

157 1735 215 1766 per
242 1725 296 1757 hoc
323 1726 481 1757 domicilia
510 1725 645 1757 tradunt.
696 1735 765 1765 eryo
793 1723 907 1764 ‘focos'
931 1735 992 1765 pro
1023 1723 1175 1764 ‘penates'
1199 1723 1313 1764 posuit.
1363 1725 1398 1754 at
1428 1733 1444 1753 e

161 1779 316 1811 contrario
342 1781 467 1819 penates
490 1789 550 1819 pro
577 1778 669 1820 focis,
696 1780 731 1809 ut
753 1777 789 1818 <1
815 1778 900 1819 704>
926 1778 1095 1818 flammis
1118 1777 1264 1808 adolere
1285 1778 1443 1816 penates.
1463 1780 1497 1803 30

233 1906 249 1929 2
270 1902 432 1937 Sallustius]
451 1901 516 1928 hist.
536 1901 636 1936 fragm.
655 1901 710 1928 inc.
730 1903 763 1927 23
778 1900 825 1927 Kr.

234 2013 248 2035 1
269 2009 469 2036 caeleumatico
490 2008 521 2034 F
547 2007 726 2042 caeleymatis
745 2008 778 2034 H
788 2008 798 2041 ΙΙ
812 2007 841 2033 id
861 2007 904 2033 est
922 2014 971 2033 oms.
992 2007 1026 2032 H
1036 2007 1045 2040 ΙΙ
1059 2007 1149 2032 metro
1168 2006 1234 2032 LH
1248 2006 1385 2039 (trimetro
1400 2007 1420 2039 l)
1435 2007 1444 2040 Η

162 2048 178 2071 5
198 2045 290 2072 flando
309 2045 373 2071 LH
382 2046 392 2079 ΙΙ
407 2048 422 2072 6
442 2045 471 2071 et
490 2045 587 2071 eontra
597 2044 627 2069 F
643 2044 774 2070 eccontra
786 2045 814 2069 H
826 2044 835 2076 ΙΙ
849 2045 865 2069 8
876 2042 1059 2076 nauigantum
1074 2050 1124 2068 om.
1137 2041 1167 2067 F
1177 2042 1187 2075 ΙΙ
1201 2042 1332 2069 auidosL
1345 2042 1355 2075 ΙΙ
1369 2045 1384 2068 9
1404 2041 1445 2068 hii

163 2082 270 2107 curetes
289 2080 372 2115 primi
390 2080 511 2107 cultores
531 2081 623 2106 cretae
642 2087 703 2106 esse
722 2079 853 2106 dicuntur
873 2078 903 2104 F
918 2079 928 2112 ss
954 2081 986 2104 10
1015 2077 1172 2104 coribantes
1193 2077 1223 2103 F
1238 2078 1248 2111 ss
1273 2080 1304 2103 12
1324 2077 1444 2104 maxime

164 2115 200 2148 F,
220 2116 338 2143 correxit
357 2117 512 2143 Masvicius
526 2116 535 2149 ΙΙ
551 2118 583 2142 15
603 2116 644 2142 bis
663 2114 763 2142 melior
779 2114 808 2140 F
819 2115 829 2148 n
845 2117 877 2140 16
896 2122 993 2141 zeuma
1011 2113 1077 2140 libri
1101 2114 1110 2147 ΙΙ
1135 2116 1167 2139 18
1187 2113 1299 2140 nomine
1319 2113 1356 2145 F,
1375 2121 1443 2139 corr.

168 2151 273 2178 Daniel
295 2152 304 2186 ΙΙ
327 2160 490 2186 pergamam
520 2151 550 2177 F
570 2152 579 2185 11
603 2154 637 2177 20
665 2150 760 2177 delati.
789 2149 878 2184 aliqui
900 2150 1003 2184 putant
1020 2149 1056 2176 F.
1077 2149 1233 2176 Schoellius.
1269 2151 1331 2182 post
1349 2148 1445 2181 ibique

164 2187 269 2221 aliquot
292 2187 374 2214 verba
391 2188 561 2214 intercidisse
579 2187 716 2219 videntur,
740 2186 824 2212 veluti
847 2185 1016 2213 manserunt.
1055 2184 1104 2211 alii
1122 2185 1163 2211 vel
1182 2184 1296 2219 quidam
1315 2185 1324 2218 ΙΙ
1345 2187 1377 2210 21
1398 2192 1444 2210 ve-

164 2222 252 2249 nisset
269 2223 382 2257 scripsi:
400 2223 509 2250 uenisse
529 2224 557 2249 et
577 2222 607 2249 F
623 2223 632 2256 ss
656 2225 691 2248 24
710 2221 751 2248 hii
771 2221 801 2247 F
821 2221 830 2255 11
853 2224 887 2248 25
906 2221 1026 2248 inditum
1046 2220 1076 2246 F
1102 2220 1247 2247 conditum
1265 2220 1370 2246 Daniel
1383 2219 1444 2252 pri-

164 2266 224 2284 mus
255 2259 265 2291 ΙΙ
293 2258 445 2292 cydoneam
470 2258 500 2285 F
524 2258 534 2292 ΙΙ
566 2261 600 2284 26
624 2267 711 2284 nem(
734 2258 850 2291 propter
868 2265 1002 2291 pergama
1025 2256 1155 2283 restituta
1174 2257 1285 2290 gentem
1306 2254 1445 2281 sociorum

165 2293 376 2320 multitudinem
396 2293 446 2327 Fu
460 2297 494 2320 28
513 2295 550 2321 acl
569 2293 647 2320 focos
665 2301 741 2327 supr.
760 2301 827 2320 vers.
846 2293 961 2326 quidam
979 2292 1148 2326 intellegunt
1165 2291 1195 2317 in
1213 2291 1266 2317 hoc
1286 2291 1348 2317 loco
1368 2290 1444 2316 focos

165 2328 308 2356 domicilia.
327 2330 356 2356 et
373 2329 450 2356 focos
468 2329 563 2364 posuit
581 2338 632 2363 pro
650 2328 800 2363 penatibus
819 2328 892 2355 sicut
911 2337 926 2355 e
945 2327 1084 2355 cont-tario
1103 2328 1219 2362 penates
1237 2334 1288 2360 pro
1309 2325 1378 2352 focis
1400 2325 1424 2351 Τ
1443 2331 1444 2334 ’

165 2367 199 2391 29
219 2365 352 2398 poenates
372 2364 423 2399 Fu
437 2365 473 2391 ad
493 2364 523 2391 F
534 2366 543 2399 ΙΙ
557 2368 591 2391 30
610 2365 744 2399 poenates
764 2363 795 2390 F
806 2364 815 2398 ΙΙ
829 2364 962 2399 poenates
983 2363 1014 2390 F
