1722 2670
474 115 587 154 QOMM.
605 116 645 143 IN
664 116 772 144 VERG.
791 117 874 146 AEN.
894 119 940 145 III.
963 122 1110 147 105—108.
1365 121 1427 153 361

244 197 316 230 108.
355 210 486 231 TEVGRVS
512 198 548 230 de
576 197 631 230 hoc
658 199 769 238 fabula
796 200 907 240 duplex
935 203 993 238 est,·
1026 211 1102 233 nam
1131 204 1160 234 et
1187 203 1224 234 de
1248 204 1431 244 parentibus

154 251 219 283 cius
242 251 404 292 dupliciter
426 252 569 284 traditur.
601 252 658 284 alii
679 253 908 293 enim†cureas
930 257 959 286 et
980 254 1058 287 Idae
1079 256 1239 299 nymphae,
1261 258 1328 299 alii,
1351 259 1431 290 inter

151 314 226 345 quos
248 307 276 336 et
300 305 426 346 Trogus,
448 305 636 338 Scamandri
657 306 759 346 filium
782 307 919 339 tradunt.
960 309 1015 348 qui
1037 308 1227 342 Scamander
1249 321 1317 342 cum
1341 311 1430 344 Oreta

149 357 277 399 frugum
299 358 407 399 inopia
430 358 590 397 laboraret,
613 369 683 390 cum
699 362 792 400 parte
811 361 902 392 tertia
917 362 1026 401 populi
1044 362 1088 393 ad
1105 364 1223 394 exteras
1241 364 1323 396 sedes
1341 375 1430 404 quae-

151 411 264 443 rendas
281 411 436 452 profectus
457 414 509 453 est,
531 411 570 443 ab
584 411 731 452 Apolline
754 414 896 453 monitus,
921 414 965 446 ibi
982 425 1051 446 eum
1069 414 1247 448 habiturum
1265 418 1355 459 sedes,
1378 419 1431 450 ubi

151 466 242 496 noctu
263 475 284 496 a
303 465 461 506 terr-iqenis
479 468 672 506 oppuynatus
690 469 772 498 esset.
804 477 874 499 cum
893 468 936 499 ad
949 468 1120 509 Phryyiam
1138 470 1266 502 venisset
1283 473 1312 502 et
1328 474 1431 503 castra

147 518 306 559 posuisset,
327 521 416 550 noctu
434 529 537 551 mures
554 530 683 551 arcuum
701 531 808 552 nervos
826 523 855 553 et
872 521 1043 553 loramenta
1061 532 1221 554 armorum
1239 524 1430 557 adroserunt.

151 570 343 604 Scamander
363 571 418 604 hos
440 572 659 613 interpretatus
682 573 779 606 hostes
801 584 863 606 esse
887 575 1061 616 terriyenas,
1085 576 1120 607 in
1143 576 1221 608 Idae
1243 579 1357 610 montis
1378 590 1430 610 ra-

150 625 269 658 dicibus
295 626 438 666 aedificia
464 626 629 658 collocavit.
675 628 729 667 qui
756 638 825 659 cum
853 629 999 661 adversus
1023 629 1179 670 Bebrycas
1201 631 1352 671 finitimos
1374 632 1430 664 bel-

151 679 216 711 lum
235 682 363 720 yereret,
390 680 485 711 victor
507 681 541 712 in
565 680 695 712 Xantho
717 681 846 720 flumine
869 682 974 722 lapsus
997 693 1059 714 non
1082 685 1258 724 conparuit,
1288 687 1343 726 qui
1362 689 1432 726 post

150 743 171 764 a
194 731 384 765 Gretensilms
411 733 446 765 in
473 733 616 766 honorem
643 734 724 775 reyis
750 735 801 766 sui
823 734 1014 767 Scamander
1036 737 1209 777 appellatus
1231 741 1286 780 est,
1309 739 1431 780 filioque

152 786 218 818 eius
242 786 356 818 Teucro
383 797 511 827 reynum
534 788 693 819 traditum.
738 788 792 828 qui
815 789 892 821 cives
914 799 930 821 e
951 800 1007 821 suo
1029 791 1152 822 nomine
1177 791 1307 824 Teucros
1329 794 1430 833 appel-

92 864 95 868 .
151 840 240 881 lavit,
271 840 327 880 qui
348 842 420 880 post
446 851 467 872 a
494 851 560 882 reye
586 841 665 873 Troo
690 841 822 873 Troiani
849 842 924 874 dicti
949 846 1034 885 sunt,
1070 846 1098 875 et
1121 845 1265 884 templum
1288 846 1432 886 Apollini

151 893 314 935 constituit,
336 903 423 934 quem
448 893 640 926 Sminthium
662 895 844 935 appellavit,·
869 895 1022 928 Cretenses
1044 898 1126 929 enim
1149 908 1267 930 murem
1290 900 1431 931 sminthi-

152 957 214 979 cem
236 947 351 979 dicunt.
388 947 448 979 alii
469 958 532 979 non
555 947 793 987 Scamandrum,
816 950 869 981 sed
884 950 1035 982 Teucrum
1058 952 1160 991 ipsum
1183 952 1238 983 sub
1261 954 1432 985 condicione

151 1001 323 1041 supradicti
350 1001 469 1032 oracidi
490 1002 663 1042 profectum
690 1003 725 1034 de
749 1002 840 1034 Creta
863 1003 981 1042 dicunt,
1009 1006 1037 1035 et
1059 1005 1210 1036 civitatem
1233 1008 1262 1037 et
1284 1007 1429 1047 templum

152 1054 333 1092 condidisse,
361 1056 390 1086 et
410 1054 560 1087 smintlios
587 1065 689 1087 mures
718 1056 823 1087 vocari
856 1066 876 1087 a
900 1056 1081 1098 Pliryyibus.
1127 1059 1256 1091 tradunt
1272 1062 1434 1100 praeterea

151 1118 215 1140 non
241 1107 323 1139 nulli
345 1107 536 1139 Dardanum
564 1119 585 1140 a
609 1109 723 1141 Teucro
751 1110 786 1141 in
808 1109 950 1151 Phryyia
977 1111 1134 1143 inventum
1162 1112 1264 1152 filiam
1291 1123 1382 1145 suam
1404 1115 1433 1146 ei

151 1162 289 1203 sociasse,
312 1163 340 1193 et
353 1160 543 1193 Dardanum
556 1162 724 1202 populares
745 1173 817 1194 suos
838 1173 938 1195 socero
956 1165 1146 1205 coynomincs
1163 1165 1276 1205 fecisse.
1307 1168 1434 1207 quidam

155 1215 306 1246 Teucrum
328 1214 479 1247 Dardani
500 1216 602 1256 filiam
624 1226 750 1248 uxorem
773 1216 896 1248 duaeisse
920 1217 1059 1258 tradunt,
1083 1220 1111 1249 et
1133 1219 1199 1250 ideo
1224 1219 1354 1252 Teucros
1377 1232 1432 1262 ap-

146 1268 286 1309 pellatos.
421 1277 604 1301 RHOETEAS
632 1269 799 1301 Rhoeteum
821 1270 1070 1310 promontorium
1095 1271 1248 1304 Troados:
1282 1273 1350 1305 licet
1377 1275 1436 1306 alii

153 1321 327 1355 ‘Rhoetias’
352 1322 454 1363 legant
469 1325 598 1363 propter
619 1322 783 1354 Rhoetiam
806 1322 948 1356 Sithonis
969 1324 1079 1365 filiam.
1112 1327 1141 1356 et
1164 1327 1253 1357 amat
1266 1325 1434 1368 Vergilius

226 1432 240 1455 1
260 1429 295 1455 de
317 1428 371 1455 hoc
394 1428 492 1455 fabula
510 1429 613 1463 duplex
632 1429 675 1455 est
694 1437 716 1455 e.
736 1438 763 1462 q.
783 1429 816 1463 s.]
842 1429 876 1456 cf.
897 1429 1011 1456 Tzetzes
1030 1429 1065 1456 ad
1084 1429 1220 1464 Lycophr.
1242 1430 1317 1458 Cass.
1339 1435 1407 1459 1304
1426 1433 1434 1459 [¹1

154 1468 170 1491 3
191 1464 312 1499 Trogus]
339 1464 374 1491 ad
397 1464 460 1491 libr.
480 1464 571 1491 XXIX
594 1464 664 1491 haec
688 1464 774 1491 refert
792 1465 1001 1492 Gutschmidius
1021 1465 1196 1493 Fleckeiseni
1214 1475 1277 1494 ann.
1297 1468 1387 1502 suppl.
1407 1469 1433 1495 II

153 1509 180 1534 p.
202 1503 252 1527 151
273 1508 331 1534 sqq.

229 1602 242 1625 1
263 1599 300 1625 ad
318 1607 341 1626 v.
363 1601 414 1625 108
438 1599 503 1625 haec
526 1599 557 1625 in
575 1600 699 1633 marqine
720 1599 745 1625 T
762 1599 902 1633 adscripta
921 1601 985 1626 sunt
1004 1599 1149 1626 Dardanus
1177 1601 1205 1626 et
1229 1600 1315 1628 iasius
1334 1601 1434 1629 fratres

156 1635 270 1661 fuerunt
292 1634 364 1660 iouis
388 1635 417 1660 et
441 1634 562 1661 electrae
581 1634 640 1662 filii.
677 1634 765 1661 Iasius
783 1635 882 1669 genuit
900 1635 1095 1661 scamandrum
1115 1635 1192 1662 cuius
1211 1633 1284 1662 filius
1303 1637 1358 1663 fuit
1376 1639 1436 1664 teu-

157 1679 204 1697 cer
225 1670 391 1696 scamander
410 1678 473 1696 cum
493 1670 570 1696 creta
587 1670 698 1704 frugum
718 1670 814 1704 inopia
832 1670 973 1697 laboraret
993 1692 998 1697 .
1019 1693 1024 1698 .
1045 1692 1051 1698 .
1072 1671 1101 1697 et
1119 1671 1256 1698 sminthos
1274 1681 1367 1699 mures
1387 1682 1435 1707 ap-

155 1705 258 1740 pellari
281 1713 299 1732 e.
321 1705 447 1739 frigibus.
471 1706 480 1739 ΙΙ
503 1709 519 1732 2
540 1705 655 1732 Curetas
681 1706 862 1732 Commelinus
891 1706 999 1732 Curetis
1024 1706 1180 1733 IVIasvicius
1202 1710 1226 1734 et
1244 1707 1435 1741 Burmannus,

153 1742 270 1774 fortasse
288 1743 364 1767 recte.
399 1742 434 1773 cf.
453 1741 544 1768 Strab.
560 1741 586 1767 X
604 1751 630 1775 p.
645 1744 698 1768 480
711 1742 721 1775 ΙΙ
735 1741 835 1768 Idaeae
854 1741 993 1775 nymphae
1015 1742 1170 1768 Masvic'ius
1189 1746 1213 1768 et
1231 1743 1413 1770 Burmannus
1427 1744 1436 1778 l}

154 1780 170 1803 4
189 1777 275 1803 tertia.
293 1777 373 1810 parte
391 1776 416 1802 T
428 1778 437 1810 ΙΙ
452 1776 485 1802 ad
507 1777 616 1803 exteras
636 1776 715 1803 sedes
736 1798 742 1803 .
763 1798 768 1803 .
790 1798 796 1803 .
816 1777 979 1803 habiturum
999 1777 1091 1812 sedes]
1111 1777 1253 1811 profectus
1273 1780 1315 1804 est
1334 1779 1370 1805 ad
1390 1787 1435 1805 ex-

154 1813 229 1839 teras
257 1812 337 1838 sedes
365 1812 538 1845 quaerendas
567 1812 690 1839 monitus
719 1812 755 1838 ab
779 1812 922 1846 appolline
946 1821 1008 1839 eum
1032 1812 1194 1839 habiturum
1217 1813 1256 1839 ibi
1282 1814 1361 1840 sedes
1383 1814 1408 1840 T
1428 1816 1430 1827 ¹

154 1850 169 1875 5
189 1848 340 1881 prouectus
354 1847 384 1873 F
395 1848 404 1882 ΙΙ
419 1851 434 1874 6
457 1848 529 1874 esset
543 1848 720 1882 oppugnatus
739 1848 764 1874 T
775 1849 785 1882 ΙΙ
799 1848 976 1881 obpugnatus
992 1848 1022 1874 F
1033 1849 1042 1882 ΙΙ
1057 1848 1104 1883 ad]
1120 1848 1148 1874 in
1166 1849 1191 1874 T
1202 1849 1212 1882 ΙΙ
1226 1847 1339 1883 frigiam
1355 1849 1416 1876 FT
1427 1850 1429 1885 Ι

156 1886 171 1910 ’1
191 1883 384 1910 laboramenta
399 1883 429 1909 F
440 1884 449 1916 ss
463 1885 641 1910 corroserunt
658 1883 682 1909 Τ
694 1884 704 1918 ΙΙ
718 1886 733 1909 8
750 1883 920 1910 Scamander
934 1883 976 1909 F:
995 1883 1044 1910 ille
1061 1883 1085 1909 T
1097 1884 1107 1917 ss
1120 1884 1215 1910 host-es
1228 1892 1278 1910 om.
1296 1884 1321 1910 T
1333 1885 1342 1919 ss
1356 1885 1436 1912 ideae

154 1918 257 1946 montis
279 1918 304 1944 T
320 1919 330 1952 ΙΙ
349 1921 364 1945 9
385 1918 512 1945 aedificia.
532 1918 574 1944 F.-
598 1920 691 1945 castra
712 1919 736 1944 T
753 1920 762 1953 ΙΙ
781 1918 829 1953 qui
849 1940 854 1945 .
876 1940 882 1945 .
903 1940 908 1945 .
928 1919 1050 1954 gereret]
1071 1920 1100 1945 et
1118 1928 1181 1945 cum
1200 1919 1305 1946 bellum
1324 1922 1437 1954 gereret

154 1955 288 1981 aduersus
307 1954 428 1980 bibricas
448 1954 584 1981 finitimos
606 1955 631 1980 T
648 1955 657 1988 ΙΙ
679 1954 808 1988 bibrycas
828 1954 859 1980 F
874 1955 883 1988 ss
908 1957 940 1980 10
960 1956 1039 1988 geret
1059 1954 1089 1980 F
1105 1955 1114 1988 ΙΙ
1136 1955 1166 1981 in
1185 1977 1191 1983 .
1211 1976 1217 1981 .
1239 1975 1244 1980 .
1265 1956 1434 1990 comparuit]

154 1990 250 2023 lapsus
268 1989 297 2016 in
320 1991 404 2016 xanto
425 1989 537 2016 flumine
556 1998 694 2023 nusquam
714 1990 871 2023 comparuit
897 1990 921 2015 T
939 1990 949 2023 ss
963 1991 1043 2016 santo
1065 1989 1162 2024 F1112
1182 1990 1243 2025 qui]
1264 1992 1436 2025 quapropter

155 2025 255 2059 postea.
276 2025 300 2051 Τ
312 2026 322 2059 ΙΙ
336 2025 472 2059 apellauit
492 2025 522 2051 F
533 2026 542 2060 Ι]
558 2029 589 2052 13
610 2025 658 2059 qui
677 2026 752 2060 post]
774 2027 802 2052 et
821 2025 886 2051 inde
908 2025 933 2051 T
945 2026 954 2059 ΙΙ
969 2025 1071 2052 troiani
1092 2025 1129 2051 T.-
1147 2026 1221 2052 troie
1239 2025 1269 2052 F
1280 2027 1290 2060 ΙΙ
1304 2026 1344 2061 et]
1365 2027 1436 2053 idem

157 2060 182 2087 T
193 2061 203 2094 11
219 2063 251 2086 14
270 2060 417 2087 constituit
435 2060 552 2095 apollini
574 2061 598 2086 T
610 2061 619 2095 ΙΙ
633 2061 778 2095 appellant
799 2061 825 2086 T
836 2062 845 2094 ΙΙ
865 2060 1010 2087 Cretenses
1030 2061 1117 2096 enim]
1138 2061 1205 2095 quia
1224 2061 1364 2088 cretenses
1386 2062 1411 2088 T
1428 2062 1437 2097 Ι]

157 2098 188 2122 15
208 2095 318 2136 dieunt]
337 2097 441 2123 uocant
461 2097 486 2122 T
511 2097 520 2130 ss
548 2096 698 2131 Teucrum]
718 2096 806 2123 filium
826 2096 884 2123 eius
903 2097 1029 2123 teucrum
1048 2096 1073 2122 T
1094 2097 1103 2130 ΙΙ
1128 2099 1159 2123 16
1176 2097 1341 2132 supradicti]
1357 2105 1435 2131 prae-

157 2131 210 2157 fati
231 2131 256 2157 T
268 2132 277 2165 ΙΙ
291 2131 389 2158 dicunt
411 2140 462 2158 om.
484 2132 509 2158 Τ
521 2133 530 2166 ΙΙ
546 2135 578 2158 17
597 2132 705 2166 vocari]
726 2131 864 2166 appellari
880 2132 905 2158 T
917 2133 927 2166 ΙΙ
942 2134 974 2158 18
993 2131 1081 2158 filiam
1099 2131 1158 2159 eins
1178 2132 1232 2159 sibi
1252 2132 1372 2159 sociasse
1392 2133 1435 2159 de-

156 2167 215 2193 buit
233 2167 348 2193 scribere
366 2168 529 2194 scholiastes.
562 2168 596 2200 cf.
616 2168 654 2194 ad
672 2168 741 2194 Aen.
761 2168 772 2193 I
792 2169 825 2194 38
840 2168 849 2201 {J
866 2170 896 2194 19
917 2176 980 2194 suos
995 2168 1112 2194 Daniel:
1131 2176 1180 2194 suo
1196 2167 1231 2194 F.
1260 2168 1294 2200 cf.
1315 2169 1352 2195 ad
1366 2168 1435 2194 Aen.

156 2203 166 2228 I
187 2204 221 2228 38
235 2202 245 2235 ΙΙ
259 2205 293 2228 20
312 2202 483 2238 appellatos]
499 2203 634 2230 Troianos
654 2203 748 2230 autem
768 2211 785 2229 a
800 2203 873 2230 Troo
891 2211 957 2236 rege
977 2203 1039 2230 add.
1055 2203 1160 2230 Daniel
1173 2204 1182 2238 ΙΙ
1196 2206 1228 2229 21
1245 2213 1361 2230 nomn-As
1377 2203 1436 2229 FL

156 2246 275 2264 omnus
295 2237 328 2264 H
354 2246 490 2265 monn-:ss
510 2239 547 2265 M
569 2239 578 2273 ΙΙ
600 2238 769 2273 Rhoeteum]
788 2239 890 2266 nocteu
909 2238 940 2264 F
955 2239 965 2273 ΙΙ
983 2242 1016 2265 22
1035 2238 1169 2266 Rhoetias
1187 2238 1352 2265 Ribbeckius
1370 2239 1435 2265 adn.

156 2273 215 2300 crit.
235 2273 272 2299 ad
290 2273 359 2299 Aen.
380 2274 416 2299 111
436 2277 500 2301 108:
520 2274 607 2301 rotias
628 2274 658 2300 F
682 2274 779 2300 Retias
798 2274 902 2301 Daniel
931 2274 1047 2301 Rhetias
1065 2274 1146 2308 vulyo
1164 2274 1174 2308 ΙΙ
1192 2274 1291 2308 legunt
1310 2274 1346 2307 F,
1366 2282 1435 2301 corr.

157 2308 312 2335 Masvicius
325 2310 334 2342 ΙΙ
348 2309 496 2336 Rhoetiam
512 2310 690 2336 Ribbeckius:
709 2309 808 2336 retiam
829 2309 860 2336 F
879 2309 1012 2336 Rhetiam
1025 2310 1106 2344 vulqo
1120 2310 1130 2344 ΙΙ
1144 2309 1269 2336 Sithonis
1284 2309 1436 2336 Lobeclcius

156 2344 290 2378 Aylaoph.
310 2352 336 2378 p.
358 2347 440 2371 1142:
458 2344 557 2372 ritonis
577 2345 607 2372 F
632 2344 762 2372 Rhitonis
781 2346 869 2380 vulqo.
907 2346 941 2378 ef.
964 2345 1069 2372 Tzetzes
1088 2346 1125 2372 ad
1143 2345 1278 2380 Dyeophr.
1300 2348 1350 2371 183

1451 694 1483 716 10

1452 959 1485 983 15

1453 1227 1487 1250 20
