1722 2670
525 152 639 181 COMM.
659 153 697 179 IN
716 153 822 179 VERG.
842 152 925 180 AEN.
945 152 990 180 111.
1011 155 1091 179 690—
1100 155 1158 178 699.
1407 149 1474 181 455

200 235 334 267 deorum
358 234 570 267 miseratione
597 234 632 265 in
660 234 783 266 fontem
806 234 856 265 sui
878 234 1014 265 nominis
1036 234 1162 265 mutata
1185 233 1226 264 ad
1249 232 1393 264 Siciliam
1417 242 1475 273 per

199 290 342 321 secretos
367 290 492 320 meatus
516 287 618 319 venit:
657 287 742 329 quod
771 286 868 318 etiam
893 279 1228 328 Vergiliuonstendit
1256 288 1293 317 et
1321 285 1473 317 tandem

198 341 343 384 positis
367 341 479 373 velox
502 340 698 379 Arethusa
723 340 893 382 sagittis.
922 349 1018 380 quam
1041 339 1174 380 Alpheos
1197 340 1271 371 illue
1293 348 1387 379 usque
1403 348 1474 379 per-

198 397 343 436 sequutus
364 394 446 434 fonti
469 394 534 425 eius
555 404 587 425 se
609 394 728 425 miscet:
751 394 833 433 quod
855 393 911 425 tali
933 395 1111 433 argumento
1127 392 1292 432 probatur;
1314 401 1390 423 nam
1408 401 1476 423 cum

198 448 278 490 equi,
301 447 405 480 diebus
425 447 513 487 festis
528 446 680 489 Olympici
694 447 779 479 Iovis
801 449 956 485 certantes,
979 448 1015 478 in
1037 456 1070 478 eo
1093 456 1184 477 amne
1206 445 1379 483 deluuntur,
1402 446 1476 476 ster-
1495 449 1510 473 5

198 511 252 535 cus
274 511 420 542 equorum
442 511 480 533 ex
502 511 534 533 eo
557 511 648 532 amne
670 501 763 532 etiam
781 501 816 532 in
830 500 986 532 Arethusa
1004 500 1232 540 recoqnoscitur.
1256 500 1368 539 patera
1386 498 1479 529 etiam

199 565 295 596 quam
316 555 353 586 in
375 554 529 595 Alpheum
552 555 679 595 quidam
704 553 927 595 Olympionices
950 554 1090 594 miserat,
1117 553 1152 584 in
1169 552 1332 584 Arethusa
1355 551 1479 583 inventa

200 608 323 641 dicium
368 608 496 648 quidam
523 610 626 639 autem
649 607 836 639 Arethusam
863 618 926 639 non
953 608 988 639 de
1010 606 1108 638 Elide
1137 606 1180 638 ad
1201 604 1344 637 Siciliam
1370 605 1479 644 venire,

201 661 255 694 sed
275 662 310 693 in
333 661 404 702 ipsa
426 660 538 693 Sicilia
560 662 647 694 nasci
669 661 775 693 volunt
803 664 831 693 et
851 661 984 693 venienti
1006 661 1101 701 fluvio
1124 669 1286 692 occurrere.
1421 666 1479 689 AL-

201 723 325 747 PEEVM
348 714 424 756 quia
448 713 571 746 Graece
593 711 752 756 Ἀλφεῖος
774 714 863 756 facit,
886 715 923 746 ut
938 715 1074 751 Αἰνείας
1095 714 1231 754 Aeneas,
1254 711 1389 753 Μήδεια
1412 711 1479 743 Me·
1500 715 1533 738 10

201 769 266 800 dea.
360 781 416 800 ossE
434 768 519 808 fonte
541 768 626 800 vivo:
656 770 684 800 et
705 768 776 800 bene
798 769 834 800 de
856 768 963 808 fluvio,
986 770 1022 799 ut
1044 767 1081 808 <1
1106 767 1191 807 245>
1215 766 1308 798 uncle
1326 775 1394 806 per
1416 775 1481 796 ora

202 832 336 854 novem.
552 818 554 821 ’

296 875 370 907 697.
408 883 496 907 lvsm
520 883 656 906 uvaA
680 883 803 906 MAGNA
827 883 910 907 Locl
934 883 1148 906 VENERAMVR
1171 873 1222 905 vel
1247 873 1288 904 ab
1308 872 1482 904 Achaeme-

204 928 280 960 nide
303 928 468 966 admoniti,
497 928 550 959 vel
574 928 614 959 ab
639 927 778 969 Heleno,
811 928 864 959 vel
887 928 927 959 ab
952 928 1108 970 Anchise„
1140 927 1185 959 vel
1208 927 1247 958 ab
1269 926 1410 958 oracul-is.
1456 927 1484 956 ct

202 981 371 1022 quaeritur,
393 991 471 1021 quae
493 982 643 1019 numina;
666 982 711 1013 vel
733 992 829 1022 quare
852 992 915 1012 non
933 982 1061 1019 dixerit;
1085 983 1114 1012 et
1135 984 1241 1012 utrum
1255 979 1417 1020 Alpheum,
1439 989 1483 1010 an
1504 980 1536 1003 ¹5

205 1034 395 1066 Arethusam
417 1034 551 1075 intelleyi
573 1035 710 1072 voluerit.

295 1087 371 1119 698.
408 1096 625 1120 STAGNANTIS
649 1097 782 1120 HELORI
806 1089 894 1120 fluvii
914 1089 970 1130 qui
989 1088 1029 1120 ad
1048 1087 1265 1121 imitationem
1284 1086 1353 1118 Nili
1372 1097 1482 1127 super-

204 1141 351 1173 funditur
376 1141 509 1182 campis.
554 1144 582 1173 et
610 1141 722 1174 Graeci
748 1144 860 1183 stayna
888 1141 944 1183 ἕλη
973 1142 1091 1180 dicunt,
1118 1141 1199 1173 unde
1227 1141 1274 1172 ait
1296 1139 1484 1180 ‘staynantis

205 1193 345 1227 Helori'.

296 1248 369 1279 699.
406 1261 543 1280 mom-cm
562 1252 713 1291 porrecta,
735 1252 864 1288 extenta,
887 1252 922 1281 ut
936 1249 986 1290 <X
998 1249 1085 1289 587>
1105 1249 1269 1289 proiecto
1291 1248 1376 1279 dum
1394 1247 1484 1287 pede
1503 1247 1537 1272 20

207 1301 321 1333 laevo.
434 1310 588 1334 PACHYNI
611 1303 888 1344 promunctorium
912 1305 956 1335 est
978 1305 1124 1335 austrum
1149 1303 1313 1343 spectans:
1346 1301 1428 1332 unde
1453 1302 1485 1332 et

284 1419 300 1442 2
320 1417 349 1442 et
367 1416 495 1451 tandem]
515 1426 609 1451 georg.
630 1418 667 1444 IV
687 1420 793 1453 344114
807 1419 881 1452 quod
900 1418 952 1444 tali
972 1418 1137 1452 argumento
1157 1416 1290 1451 probatur
1308 1424 1330 1443 e.
1351 1424 1377 1448 q.
1397 1415 1430 1449 s.]
1451 1414 1485 1441 cf.

208 1451 245 1478 ad
263 1451 326 1479 buc.
346 1451 372 1477 X
390 1454 407 1477 4
431 1453 441 1485 11
468 1456 502 1479 20
522 1453 650 1480 Proiecta
670 1475 675 1480 ,
697 1475 702 1480 .
724 1475 729 1480 .
749 1455 874 1488 extenta]
896 1453 930 1480 cf.
950 1453 1071 1480 Macrob.
1092 1454 1150 1480 Sat.
1171 1453 1208 1479 Vl
1228 1454 1253 1485 4,
1274 1454 1306 1478 14
1333 1452 1342 1484 11
1370 1453 1401 1477 21
1423 1459 1486 1484 pro-

210 1486 400 1513 munctorium
421 1508 426 1513 .
447 1508 452 1514 .
474 1509 479 1514 .
499 1489 621 1524 crassus]
642 1498 728 1516 exscr.
748 1489 811 1517 Isid.
833 1498 870 1516 or.
892 1490 955 1516 XIV
976 1492 999 1522 7,
1020 1492 1034 1515 5

287 1605 301 1628 1
323 1602 365 1629 sui
383 1603 504 1631 nominis
522 1605 583 1631 hab.
604 1605 648 1640 011
662 1606 783 1640 mutata]
803 1614 885 1632 uersa
905 1604 963 1632 FC
974 1606 983 1639 11
998 1605 1107 1631 mutata.
1125 1605 1168 1630 est
1187 1605 1215 1630 et
1233 1603 1263 1629 E
1275 1603 1285 1636 11
1298 1611 1348 1636 per
1367 1602 1487 1628 secretos

211 1638 321 1665 meatus
340 1646 390 1664 om.
410 1639 476 1665 LII
491 1641 575 1674 (supr.
596 1650 661 1668 vers.
682 1642 745 1669 atltl.
765 1642 785 1675 l>
804 1642 912 1668 meatus
930 1642 990 1674 (lin.
1006 1642 1032 1674 2)
1052 1649 1101 1667 om.
1123 1640 1194 1666 ME
1206 1640 1215 1672 11
1229 1638 1303 1672 quod
1377 1636 1488 1671 sagittis

214 1673 338 1714 ,om-,FB
351 1677 367 1700 3
387 1675 425 1700 ad
442 1683 482 1701 vv.
503 1679 554 1702 694
569 1685 623 1711 sqq.
643 1677 697 1703 hoc
716 1677 757 1703 ita
776 1685 836 1703 esse
851 1677 907 1703 tali
925 1677 1091 1711 argumento
1108 1675 1243 1710 probatur
1257 1674 1331 1707 quod
1347 1682 1408 1699 cum
1425 1672 1489 1705 equi

212 1718 242 1749 ¹.¹¹
270 1718 342 1735 lmus
369 1709 502 1750 olympici
531 1712 730 1739 certaminibus
756 1713 854 1739 diebus
878 1712 957 1739 festis
981 1711 1078 1738 eodem
1103 1719 1183 1738 amne
1208 1710 1357 1736 deluuntur
1383 1709 1489 1734 stercus

214 1752 339 1779 ipsorum
367 1754 398 1770 m
425 1746 556 1773 arethusa
579 1756 613 1774 ex
638 1748 723 1775 fluuio
747 1748 842 1782 alphei
865 1747 1073 1782 recognoscitur
1097 1748 1125 1773 et
1147 1747 1245 1780 patera
1268 1753 1350 1778 quam
1375 1743 1489 1777 quidam

171 1805 174 1808 ,
217 1779 422 1814 olympionicas
439 1781 469 1807 in
488 1782 620 1816 alpheum
639 1784 755 1810 miserat
772 1783 802 1810 in
821 1784 952 1810 arethusa
970 1783 1085 1809 inuenta
1104 1784 1153 1808 est.
1186 1780 1300 1814 quidam
1319 1780 1412 1806 autem
1431 1787 1490 1805 are-

217 1815 330 1856 thusa-m
354 1824 409 1842 non
429 1816 463 1843 de
483 1818 555 1844 elide
574 1819 610 1845 ad
630 1819 748 1846 siciliam
767 1819 862 1845 uenire
882 1818 930 1845 sed
949 1818 978 1844 in
996 1818 1058 1852 ipsa
1077 1817 1167 1844 sicilia
1185 1816 1262 1842 nasci
1280 1815 1379 1842 uolunt
1397 1815 1426 1841 et
1443 1822 1489 1840 ue-

217 1852 306 1878 menti
324 1851 409 1878 fluuio
429 1861 573 1880 occurrere
592 1855 623 1881 in
641 1864 726 1889 mara.
746 1855 769 1880 'l'
781 1855 791 1889 11
805 1858 821 1881 4
839 1855 916 1881 fonte
936 1854 965 1880 1⁴*
977 1855 986 1888 11
1001 1856 1016 1879 5
1032 1852 1140 1887 olimpii
1155 1852 1185 1878 F
1197 1854 1206 1885 11
1220 1852 1359 1878 certantes
1374 1850 1490 1876 Daniel:

217 1887 390 1927 certatus-F
405 1888 415 1921 11
435 1889 535 1915 sterius
554 1890 585 1915 F
601 1891 610 1924 11
631 1893 646 1916 6
666 1891 796 1917 erethusa
814 1890 844 1916 F
856 1891 865 1923 11
879 1890 995 1924 patei-ozi
1015 1889 1044 1915 F
1055 1890 1064 1923 11
1086 1892 1099 1915 7
1120 1889 1149 1914 in
1167 1896 1217 1914 om,
1238 1887 1267 1913 F
1278 1887 1288 1920 11
1306 1884 1492 1920 Olimpionieis

216 1921 247 1948 F
266 1923 306 1956 118
326 1922 440 1958 dlcitur]
462 1924 533 1951 hanc
552 1927 645 1952 autem
666 1926 838 1952 uenatricem
857 1925 942 1951 fuisse
961 1924 1036 1958 quod
1056 1925 1142 1950 etiam
1161 1922 1289 1957 uirgilius
1310 1944 1314 1948 .
1332 1943 1337 1948 .
1354 1941 1359 1946 .
1380 1920 1491 1954 sagittis

217 1958 283 1984 add.
305 1957 335 1983 F
356 1958 365 1991 11
389 1962 404 1984 9
418 1959 453 1996 Vin
472 1959 545 1995 ipsa]
566 1961 627 1988 insa.
647 1961 676 1987 F
697 1963 706 1995 11
731 1965 763 1988 10
782 1961 897 1995 alpheos
917 1961 946 1986 F
976 1959 1075 1987 alfeios
1095 1959 1118 1986 0
1149 1958 1259 1992 alphios
1277 1957 1341 1983 1111
1365 1956 1492 1990 alpheios

224 1993 261 2019 M
265 1993 310 2030 Ε]
322 1994 332 2027 11
346 1994 427 2029 facit]
448 2003 496 2023 om.
513 1996 535 2022 C
562 1997 665 2023 dicitur
679 1997 709 2023 F
734 1998 819 2031 pham
834 1996 865 2022 H
878 1997 887 2030 11
902 2004 984 2022 eneas
1000 1995 1030 2021 F
1055 1994 1166 2022 aeneias
1183 1993 1245 2020 ΟΜ
1251 1993 1280 2019 Ε
1303 1992 1395 2019 eneias
1410 1991 1474 2017 LH
1485 1991 1491 2025 11

221 2029 253 2054 ut
271 2036 373 2055 aeneas
394 2029 416 2056 0
433 2031 442 2064 11
462 2031 554 2058 media
573 2032 670 2059 medea
691 2033 721 2058 F
746 2032 857 2059 medeia
876 2031 974 2058 medea,
994 2032 1016 2057 C
1032 2032 1042 2064 11
1064 2034 1094 2056 11
1116 2031 1152 2056 ad
1171 2037 1217 2056 ore
1235 2037 1311 2062 supr.
1330 2036 1395 2054 vers.
1415 2026 1493 2053 fonte

217 2064 267 2090 tuo
282 2063 306 2089 T
318 2064 328 2098 11
340 2064 431 2092 fronte
443 2066 473 2092 F
483 2067 492 2100 11
507 2067 585 2103 vivo]
594 2069 642 2094 tuo
653 2069 786 2102 IIuyewcs
796 2067 880 2099 fonte,
891 2067 925 2093 de
937 2067 1000 2093 vivo
1012 2067 1047 2093 F.
1059 2066 1207 2092 Schoellius
1220 2066 1230 2099 11
1245 2067 1277 2090 14
1287 2062 1423 2090 admoniti
1431 2062 1492 2088 hab.

223 2098 246 2142 Q
256 2099 266 2132 11
284 2099 331 2126 vel
349 2100 385 2126 ab
403 2102 523 2129 Anchise
542 2111 591 2131 om.
612 2103 645 2129 H
649 2104 684 2130 M
690 2104 719 2129 Ε
731 2105 740 2137 11
758 2103 794 2130 ab
813 2112 863 2130 ωη.
884 2103 908 2128 L
923 2103 932 2136 11
951 2102 1083 2136 Anchise]
1103 2101 1169 2127 iussi
1189 2108 1255 2134 ergo
1275 2097 1414 2126 admoniti
1430 2097 1492 2137 add.

221 2134 378 2168 §tephanus
391 2137 400 2170 11
414 2138 534 2165 oraculis
555 2138 746 2165 Gommelinus:
766 2139 853 2166 oculis
872 2138 901 2164 F
913 2139 922 2171 11
938 2141 968 2164 17
989 2148 1065 2164 enom
1086 2137 1177 2164 CLH
1200 2145 1293 2162 rnnom
1313 2134 1343 2160 Ε
1354 2135 1364 2168 11
1378 2134 1493 2159 fluuium

223 2169 266 2203 011
287 2173 319 2210 Ιξ
339 2172 368 2197 et
387 2192 393 2197 .
415 2192 420 2197 .
441 2193 447 2199 .
467 2173 563 2208 Helori
581 2175 641 2202 hab.
663 2176 685 2201 (J
701 2176 710 2208 11
728 2176 770 2201 set
789 2174 819 2200 F
834 2175 844 2208 11
868 2173 914 2208 ἕλη
936 2174 1104 2200 Masticius:
1124 2172 1196 2199 elide
1215 2180 1247 2198 ea:
1267 2170 1345 2197 elede
1366 2169 1396 2195 F
1421 2167 1494 2194 elide

222 2204 245 2231 0
270 2205 351 2247 Ehrle
370 2206 474 2235 Daniel
497 2213 520 2236 et
541 2209 719 2237 Commelinus
745 2211 755 2244 11
784 2213 815 2236 19
835 2209 903 2236 elori
924 2209 947 2235 C'
967 2210 976 2243 11
999 2211 1033 2235 20
1052 2209 1089 2235 aa
1107 2208 1288 2242 porrectaque
1308 2206 1357 2239 (sic
1375 2205 1445 2231 enim
1464 2203 1495 2229 in

228 2240 344 2275 Verqtlu
363 2250 442 2270 versu
460 2246 551 2278 cocle-v,
569 2254 733 2280 quamquam
753 2254 797 2272 orr
815 2246 847 2271 in
864 2246 930 2278 ras.)
950 2245 1064 2271 extenta
1082 2245 1114 2270 ut
1129 2243 1254 2277 proiecta
1268 2250 1330 2268 cum
1345 2240 1415 2274 pede
1430 2239 1494 2265 leuo

222 2310 298 2336 ΜΨ·-
318 2312 384 2330 vers.
402 2305 428 2331 T
439 2306 449 2340 11
463 2316 589 2334 mousom
605 2331 610 2336 .
623 2330 628 2335 .
640 2330 646 2335 .
661 2309 742 2335 laeuo
761 2308 821 2335 hab.
841 2307 863 2334 0
875 2308 884 2342 11
899 2296 1009 2343 ρῖίθοῐε,
1024 2306 1067 2340 011
1081 2306 1210 2340 prorecta
1229 2305 1257 2330 et
1276 2304 1353 2329 tenta
1370 2301 1473 2327 Daniel
1486 2300 1494 2333 11

221 2341 255 2364 21
275 2338 339 2365 leuo
360 2339 420 2367 FO
438 2342 718 2382 ⁸“promunctorium
738 2344 815 2370 HE.-
834 2342 1056 2378 promuntorium
1076 2342 1180 2368 FLM
1205 2337 1427 2374 promunturium
1447 2335 1470 2362 0
1486 2324 1494 2361 1

222 2374 265 2400 est
282 2374 345 2402 hab.
366 2375 389 2402 0
416 2376 527 2406 Smrliae
546 2381 602 2407 add
620 2380 694 2407 Ision
