1630 2684
460 142 573 170 COMM.
593 143 633 170 IN
650 142 757 170 VERG.
777 142 862 169 AEN.
881 142 901 171 Ι.
921 146 1034 171 36-39.
1345 141 1387 174 27

109 235 186 257 cum
203 225 349 266 partiri
370 222 512 256 curas*
601 232 698 255 MENE
719 223 790 255 ‘ne’
809 235 875 255 non
893 226 1001 266 vacat,
1021 225 1185 267 significat
1204 226 1290 257 enim
1310 235 1387 267 ergo

107 280 141 310 et
159 280 209 310 est
230 278 411 310 coniunctio
431 277 611 309 rationalis.
696 285 849 309 INOEPTO
867 286 1060 314 DESISTERE
1080 279 1282 311 tolerabilius
1302 278 1389 310 enim

107 333 157 364 est
185 343 250 364 non
278 331 443 372 inchoare,
477 341 575 372 quam
607 329 737 371 incepta
765 330 925 371 deserere,
955 333 991 362 ut
1019 331 1179 367 Terentius
1207 342 1330 364 verum
1356 332 1389 363 si

107 385 283 426 incipias,
305 394 419 425 neque
435 384 637 424 pertendas
659 384 816 415 naviter.
853 386 882 415 et
905 376 1021 415 ‘mene'
1045 385 1089 416 sic
1111 385 1199 416 habet
1215 386 1388 426 emphasin,

106 441 143 470 ut
163 440 221 470 ast
242 447 314 480 eqo,
337 448 429 478 quae
450 437 574 469 divum
596 437 722 469 incedo
751 437 890 477 reyina.
981 445 1115 469 VICTAM
1144 438 1190 469 sic
1219 440 1252 469 et
1279 439 1313 469 in
1341 450 1388 470 50-

106 491 211 534 ptimo
234 491 369 523 vincor
392 491 439 523 ab
463 491 599 523 Aenea.
667 501 698 523 se
719 491 832 523 victam
853 491 1042 531 pronuntiat
1065 491 1146 523 velut
1166 492 1286 523 victam.
1332 492 1390 523 alii

107 546 223 578 iratam
247 546 382 577 tradunt.

195 598 247 630 38.
283 606 352 630 NEC
376 607 483 630 POSSE
507 607 629 630 ITALIA
652 598 794 630 detraxit
818 609 906 630 more
931 610 989 630 suo
1017 599 1295 640 praepositionem
1318 610 1389 640 pro-

105 651 244 694 vinciae3
272 662 339 683 non
362 652 448 683 enim
471 651 553 683 dixit
577 651 632 683 ‘de
656 651 781 694 Italia',
812 652 867 683 sed
892 651 1030 685 ‘Italia'.
1121 665 1297 684 Terceonvit
1316 653 1390 692 quia

107 705 219 738 Teucer
241 707 270 737 et
286 704 498 738 Scamandrus
511 703 603 736 Creta
619 705 752 745 profecti
767 705 895 736 Troiam
917 707 1071 736 venerunt.
1107 705 1193 744 facta
1215 705 1389 737 ascensione

105 758 235 800 hospitio
253 769 274 791 a
292 759 447 791 Dardano
470 759 583 799 accepti
604 759 640 790 de
662 759 788 790 advenis
811 759 887 790 cives
907 758 998 798 facti,
1021 759 1096 799 quia
1110 758 1255 797 Batiam,
1281 758 1391 790 Teucri

106 813 220 854 filiam,
257 812 432 845 Dardanus
467 813 528 844 sibi
563 812 668 844 iumit
703 814 732 843 et
761 812 930 852 populares
965 822 1037 844 suos
1067 822 1167 844 socero
1199 813 1390 852 cognomines

105 866 186 906 seat.
276 879 432 899 aveamus
455 867 490 898 id
507 869 551 898 est
568 866 604 898 in
616 868 806 906 perpetuum.
898 879 1001 898 zenam!
1021 865 1076 897 hoc
1099 868 1154 904 est,
1177 866 1252 906 quia
1274 866 1296 905 †
1310 865 1391 897 nihil

107 920 227 959 amisit,
254 930 309 952 rex
335 922 386 952 est.
432 923 460 951 et
481 920 559 951 mire
581 920 719 951 Aeneam
745 919 847 951 noluit
872 920 1042 951 nominare.
1067 919 1279 951 'honorantur
1309 919 1390 950 enim

104 973 237 1005 minores
254 984 275 1005 a
293 973 463 1005 maioribus
485 974 514 1005 si
536 984 591 1005 suo
613 974 738 1005 nomine
759 973 879 1013 fuerint
896 973 1063 1014 nominati,
1086 975 1122 1004 ut
1139 972 1262 1011 Aeole,
1285 983 1389 1004 nam-

104 1037 172 1067 que
199 1027 276 1059 tibi.
322 1029 428 1058 contra
456 1026 639 1058 contumelia
668 1028 712 1058 est
737 1027 765 1058 si
792 1027 924 1058 maiores
946 1037 967 1057 a
989 1026 1161 1058 minoribus
1189 1036 1244 1058 suo
1267 1027 1392 1058 nomine

105 1080 324 1119 nominantur,
363 1082 398 1111 ut
433 1080 595 1112 Iunonis
628 1081 760 1121 yravis
796 1081 865 1111 ira.
919 1082 949 1112 et
977 1090 1106 1121 pacem
1142 1082 1174 1111 te
1204 1080 1392 1120 poscimus

109 1144 229 1166 omnes
254 1134 384 1165 Turne.
430 1136 459 1165 et
481 1134 552 1165 bene
575 1133 705 1174 ‘reymn'
734 1134 897 1171 invidiosc;
926 1143 989 1165 non
1017 1134 1099 1165 enim
1127 1134 1207 1165 dixit
1231 1134 1391 1173 Troianos,

109 1188 163 1219 sed
181 1197 280 1219 unum
303 1186 455 1218 hominem
481 1187 661 1219 Troianum.

196 1240 247 1272 39.
286 1249 413 1278 QVIPPE
438 1250 554 1273 VETOR
578 1250 679 1273 FATIS
708 1252 743 1272 re
767 1251 855 1282 vera,
883 1241 1003 1283 inquit,
1030 1241 1099 1273 fata
1129 1252 1180 1273 me
1207 1240 1391 1282 prohibent.

108 1303 185 1336 ergo
205 1293 286 1325 Iuno
309 1293 440 1335 ignorat
459 1293 525 1325 vim
548 1294 701 1325 fatorum.
739 1294 794 1325 sed
818 1294 880 1325 hoc
897 1305 964 1325 non
982 1305 1153 1335 possumus
1173 1293 1291 1336 dicere,
1315 1295 1391 1336 quia

107 1347 254 1388 superius
277 1347 398 1378 lectum
423 1349 473 1379 est
501 1347 534 1379 51
565 1359 638 1389 qua
666 1348 750 1379 fata
779 1348 911 1379 sinant
935 1349 967 1379 et
996 1348 1181 1380 audierat.
1227 1347 1288 1379 hoc
1313 1359 1390 1390 ergo

178 1473 194 1497 3
214 1470 373 1505 Terentius]
394 1479 456 1498 eun.
475 1472 487 1498 I
509 1475 532 1505 1,
552 1451 620 1505 6115
644 1472 688 1498 ast
706 1472 771 1506 ego]
792 1471 823 1498 A.
843 1472 855 1498 1
875 1473 932 1506 4611
950 1471 980 1498 111
999 1471 1131 1506 septimo]
1152 1472 1285 1505 3101114
1304 1472 1390 1498 110110-

107 1506 207 1532 rantur
224 1514 247 1533 e.
262 1515 288 1539 q.
262 1506 338 1541 (15.]
359 1507 429 1533 Don.
449 1507 477 1533 in
497 1507 559 1534 Ter
579 1507 691 1540 adelph,
711 1507 735 1533 V
755 1511 779 1540 6,
799 1511 814 1533 3
835 1508 864 1534 et
882 1511 911 1541 6,
931 1507 1042 1533 Phorm.
1063 1507 1087 1533 V
1107 1510 1131 1540 9,
1151 1509 1184 1533 58
1208 1472 1227 1541 11Ι
1228 1472 1271 1533 Ι15
1291 1507 1389 1542 Aeole]

108 1541 142 1567 A.
162 1542 173 1567 Ι
193 1545 226 1568 65
249 1542 259 1575 11
283 1544 314 1567 17
336 1542 459 1577 Iunonis]
480 1542 512 1570 A
533 1543 557 1569 V
577 1545 625 1569 781
651 1544 660 1576 11
683 1529 793 1577 paceni]
814 1543 846 1569 A.
865 1543 904 1569 XI
923 1546 974 1569 362

179 1661 193 1684 1
213 1666 247 1685 ue
266 1666 315 1684 om.
337 1657 361 1684 Ο
377 1658 450 1691 (add.
473 1657 506 1684 0²
510 1665 516 1689 )
530 1659 540 1692 11
554 1658 640 1693 enim]
663 1659 757 1685 autem
774 1658 798 1685 0
809 1660 818 1693 11
833 1663 848 1685 3
868 1659 911 1694 ut]
928 1659 956 1685 et
971 1658 1045 1693 0114
1064 1658 1181 1693 incipies
1200 1661 1225 1685 et
1243 1659 1392 1700 pertendes

63 1715 68 1721 ,
106 1694 147 1720 vel
164 1693 290 1733 perficies
311 1693 471 1720 Terentiam
489 1694 555 1720 libri
574 1695 584 1728 11
603 1697 618 1720 5
638 1703 710 1728 quae
731 1704 757 1729 p
777 1695 794 1722 i
815 1704 835 1720 r
857 1695 880 1721 Ο
895 1696 904 1729 11
923 1704 1020 1721 v1c⁷rAi1
1040 1716 1045 1721 .
1063 1716 1068 1721 .
1085 1716 1090 1720 .
1111 1694 1159 1721 sed
1178 1694 1261 1721 Italia
1278 1695 1391 1728 scripsi:

106 1739 155 1756 NEC
173 1739 251 1756 POSSE
275 1738 364 1755 ITALIA
383 1739 538 1756 TEVGRORVM
556 1739 691 1756 AVERTERE
715 1740 804 1757 REGEM
829 1730 952 1757 detraxit
970 1731 1117 1764 prOUlnCla
1135 1738 1213 1756 more
1238 1739 1287 1756 SUO
1311 1738 1391 1764 prae-

108 1764 275 1798 positionem
290 1765 317 1790 Β
337 1775 385 1791 nuc
400 1774 477 1791 rossa
491 1775 581 1791 1TAL1A
597 1765 635 1792 sic
650 1766 722 1792 etin
737 1766 857 1800 septimo
871 1766 969 1792 uincor
983 1767 1019 1793 ab
1033 1774 1121 1793 aenea
1135 1767 1164 1792 et
1178 1766 1300 1792 detraxit
1314 1774 1390 1792 more

72 1806 78 1809 “
108 1808 158 1827 5110
172 1800 334 1834 prouinciae
347 1800 583 1834 praepositionem
597 1807 654 1827 non
669 1801 743 1828 enim
758 1802 829 1828 dixit
843 1802 877 1828 de
892 1801 972 1828 italia
987 1802 1035 1828 sed
1050 1801 1131 1828 italia
1140 1801 1237 1834 ΚΕΗ,
1250 1802 1307 1828 nisi
1321 1802 1392 1835 quod

108 1835 144 1862 ab
158 1835 241 1862 italia
252 1838 315 1868 post
328 1845 417 1861 ITALIA
432 1836 495 1862 add.
507 1837 516 1862 l
535 1846 632 1863 VICTAM
647 1838 678 1863 ut
691 1837 720 1863 in
735 1837 854 1871 septimo
869 1837 967 1864 uincor
981 1837 1016 1863 ab
1032 1845 1118 1864 aenea
1133 1837 1162 1863 et
1175 1838 1214 1870 (50
1227 1837 1270 1870 0²)
1285 1837 1392 1863 uictum

107 1871 224 1905 <uictam
241 1871 284 1904 6²)
303 1871 468 1905 pronuntiat
481 1872 559 1898 uelut
573 1872 680 1898 uictum
699 1873 816 1906 (uictam
831 1873 876 1906 02)
892 1872 941 1899 alii
956 1873 1059 1899 iratum
1075 1873 1187 1906 (iratam
1203 1872 1247 1906 0²)
1266 1873 1390 1899 tradunt.

106 1917 155 1933 nse
169 1916 247 1933 rossi:
263 1916 351 1933 ITALIA
365 1906 395 1932 id
410 1908 452 1933 est
466 1907 501 1933 ab
516 1906 598 1934 italia
613 1908 641 1934 et
655 1907 777 1935 detraxit
790 1908 953 1942 prouinciae
967 1917 1044 1935 more
1060 1916 1109 1934 suo
1123 1907 1359 1942 praepositionem
1372 1907 1395 1934 G

107 1942 146 1975 (id
165 1943 208 1968 est
229 1943 264 1969 ab
283 1942 365 1969 italia
383 1943 468 1968 erasis
486 1943 645 1969 teucrorum
661 1945 787 1970 auertere
806 1952 901 1977 regem
921 1944 961 1970 510
980 1944 1051 1970 etin
1066 1943 1126 1970 VII
1141 1943 1239 1969 uincor
1254 1944 1290 1970 ab
1305 1951 1392 1970 aenea

107 1978 170 2004 add
195 1977 236 2004 0³.
265 1978 336 2005 idem
355 1986 411 2004 non
435 1978 508 2004 enim
529 1978 669 2006 dixit..
690 1979 771 2005 italia
790 1982 854 2013 post
876 1979 1113 2019 praepositionem
1138 1979 1258 2012 addidit)
1286 1989 1310 2005 Ν.
1330 1989 1352 2006 P
1374 1989 1391 2006 1.

106 2022 129 2039 r.
145 2023 170 2040 A.
185 2023 208 2040 R.
230 2013 271 2040 sie
290 2014 319 2040 et
337 2013 367 2039 in
385 2013 504 2054 septimo
523 2014 620 2040 uincor
639 2015 675 2041 ab
694 2023 781 2041 aenea
800 2016 829 2041 et
847 2015 968 2041 detraxit
982 2014 1144 2049 prouinciae
1159 2023 1208 2041 suo
1223 2023 1299 2041 more
1314 2022 1392 2048 prae-

107 2048 275 2083 positionem
297 2049 334 2075 M
351 2050 417 2082 (nou
437 2049 511 2075 enim
531 2071 536 2076 .
553 2070 559 2075 .
576 2071 581 2077 .
601 2049 683 2076 italia
702 2051 766 2077 add.
785 2051 821 2083 m)
841 2051 850 2084 11
870 2054 885 2077 6
909 2050 959 2077 alii
977 2050 1079 2077 iratam
1098 2050 1213 2076 tradunt
1230 2050 1393 2077 secludenda

108 2085 243 2111 videntur.
281 2085 322 2111 vel
340 2085 377 2111 ad
396 2085 463 2111 Iuno
482 2086 523 2111 vel
542 2086 579 2111 ad
597 2086 668 2112 haec
691 2094 784 2112 seeum
808 2087 839 2112 in
858 2087 972 2119 antiquo
991 2087 1084 2126 aliquo
1109 2085 1225 2119 Verqilii
1243 2086 1392 2119 exemplari

106 2119 179 2146 irata
198 2120 367 2154 adscriptum
380 2120 465 2153 fuisse
479 2121 603 2154 suspicor
617 2122 626 2154 11
640 2124 656 2147 8
671 2122 708 2147 ad
723 2130 747 2148 v
763 2124 797 2147 38
812 2122 994 2156 Teucrorum]
1011 2121 1078 2155 quia
1092 2121 1198 2147 Teucer
1213 2122 1240 2147 et
1260 2121 1391 2148 Scaman-

107 2155 172 2181 drus
191 2155 273 2182 Creta
290 2156 410 2190 profecti
429 2157 500 2182 sunt.
534 2165 603 2189 quos
622 2156 745 2190 hospitio
765 2157 875 2191 accepit
892 2157 1039 2183 Dardanus
1063 2157 1097 2183 de
1121 2157 1292 2197 aduenisque
1317 2157 1392 2183 ciues

108 2190 177 2217 facti
205 2192 282 2225 sunt·y
290 2165 475 2232 pBatiamque
504 2191 704 2226 (abatiamque)
729 2193 828 2219 Teucri
853 2193 941 2219 filiam
964 2193 1110 2219 Dardanus
1134 2192 1188 2219 sibi
1210 2192 1308 2219 iunxit.
1335 2193 1362 2217 P
1384 2192 1393 2226 1

111 2228 142 2252 12
162 2235 274 2253 soceros
295 2227 318 2253 G
338 2228 347 2261 11
371 2230 403 2253 13
424 2227 490 2260 quia
508 2235 595 2261 supra
613 2236 679 2254 vers.
700 2228 735 2254 0²
755 2229 764 2262 11
784 2228 867 2263 1111111]
887 2229 1003 2261 fortasse
1021 2228 1161 2254 Anchisen
1180 2229 1220 2254 vel
1238 2227 1391 2254 Anchisam

107 2262 196 2294 possis
217 2265 241 2288 et
260 2262 326 2295 quia
345 2263 461 2302 neylecto
485 2263 608 2289 Anchisa
632 2263 734 2290 amisso
759 2264 792 2297 cf.
813 2265 881 2291 Aen
901 2264 939 2290 Ill
959 2266 1010 2290 710
1034 2264 1043 2297 11
1068 2267 1099 2290 17
1124 2272 1176 2297 pac
1198 2263 1221 2289 0
1241 2271 1309 2297 pace
1331 2263 1385 2296 Ο2
1384 2262 1392 2291 ’1

76 2325 83 2333 ,
110 2299 144 2323 20
164 2298 201 2324 ad
218 2306 242 2324 v.
259 2300 292 2324 39
310 2298 412 2332 quippe
431 2299 511 2324 uetor
529 2298 608 2333 fatis]
628 2299 785 2333 prohibeor.
814 2299 956 2333 Pallasne]
972 2299 1111 2332 Minerua,
1127 2307 1197 2332 quae
1216 2299 1309 2325 Pallas
1328 2279 1392 2325 ideo

107 2331 183 2359 dieta.
197 2333 265 2366 quia¹
279 2334 371 2366 (quae)
386 2333 545 2360 Pallantem
563 2334 707 2368 gigantem
725 2335 834 2361 occidit
862 2335 917 2369 Ne]
939 2334 1097 2361 coniunctio
1117 2334 1266 2368 expletiua.
1291 2342 1327 2360 an
1341 2333 1391 2360 ali-

109 2368 170 2394 ter‘?
208 2368 342 2403 Classem]
363 2369 399 2395 acl
418 2368 553 2395 inuidiam
574 2391 579 2396 .
597 2370 728 2397 ..dicat
751 2371 778 2396 P
799 2372 808 2405 11
831 2370 928 2404 inquid
947 2370 979 2396 K
984 2370 1034 2397 CL
1054 2370 1156 2404 (iuquit
1174 2371 1199 2404 c)

1410 710 1441 732 10

1411 977 1442 1000 15

1410 1245 1444 1269 20
