1722 2670
471 163 584 192 COMM.
603 163 643 190 IN
661 163 770 191 Vnae.
792 163 874 190 AEN.
896 153 941 192 [Π.
961 167 1109 191 391——402.
1360 163 1426 194 413

146 257 231 279 nunc
254 245 366 278 Vzalis
394 244 521 277 dicitur.
570 243 703 286 Narycii
734 246 843 276 autem
873 256 892 276 a
922 245 994 277 loco
1026 245 1103 277 dieti
1135 247 1210 277 sunt
1240 245 1425 286 provinciae

145 311 236 342 suae,
260 299 379 332 Ozolae
403 310 422 331 a
444 300 559 340 putore
582 298 710 340 paludis
735 298 866 331 vicinae.
913 298 972 330 alii
995 283 1149 339 NaQeios
1174 298 1336 339 Opuntius,
1365 308 1426 330 eos-

143 354 212 386 dem
234 356 263 386 et
284 352 513 394 Epicnemidios
535 352 655 390 dicun&
686 363 819 393 namque
835 353 930 393 prius
953 351 1080 393 Naryat,
1106 351 1189 394 Opus
1205 354 1315 392 postea
1337 352 1427 390 dicta,

143 407 248 439 eadem
270 408 373 438 autem
396 408 425 438 et
444 404 665 445 Epicnemidia
686 408 828 444 vocatur;
858 407 902 437 est
923 405 1005 437 enim
1028 404 1152 437 Cnemis
1168 405 1426 445 promontorium,

144 460 180 492 in
206 470 265 501 quo
289 459 419 501 Opuntii
440 458 534 490 Locri
548 460 653 503 positi
680 462 765 498 sunt,
797 470 818 491 a
845 459 955 500 quibus
983 459 1130 499 oriyinem
1159 458 1287 490 trahunt
1313 458 1369 498 qui
1393 458 1427 489 in

144 513 245 546 Italia
266 515 347 552 sunt,
371 515 400 545 et
420 512 617 553 affellantur
639 513 850 554 Epizephyrii,
873 513 955 553 quod
972 512 1161 553 Zephyrium
1179 511 1427 552 promontorium

143 569 270 599 vocatur
291 577 312 598 a
335 565 471 604 Graecis,
494 566 529 598 in
551 577 610 607 quo
632 569 706 599 sunt
727 567 842 599 conditi
868 566 957 598 Locri
979 566 1033 606 qui
1056 566 1090 597 in
1114 565 1248 598 Graecia
1270 567 1350 597 sunt.
1394 564 1428 596 hi

146 631 213 653 vero
235 620 290 661 qui
311 620 401 652 iuxta
424 618 560 660 Delphos
582 620 686 652 colunt
709 620 819 653 Oeolae
841 622 1070 660 nuncupantur,
1094 620 1156 651 sive
1179 630 1199 650 a
1220 619 1333 659 foetore
1356 619 1426 650 dra-

146 674 239 713 conis,
261 681 350 714 quem
363 672 476 713 Apollo
500 673 660 714 interemit,
684 683 736 705 seu
759 674 840 714 quod
861 683 973 705 uxores
996 683 1100 705 eorum
1129 672 1254 704 Veneris
1277 672 1328 703 ira
1350 672 1427 703 viris

146 727 212 760 suis
238 726 359 767 fuerint
382 726 527 766 foeditate
554 726 646 758 taetri
673 727 776 758 odoris
803 727 921 758 invisae
928 736 938 764 ;
975 727 1029 766 qui
1055 728 1158 758 autem
1180 725 1312 766 Libyam
1335 725 1428 756 delati

146 783 220 814 swnt
242 780 438 813 Nasamones
467 780 672 822 appellantur,
704 782 740 811 ut
768 779 928 812 Cornelius
961 779 1087 811 Tacitus
1116 779 1221 818 refert,
1254 779 1381 810 oriundi
1410 789 1430 809 a

146 834 308 875 Naryciis,
341 834 422 875 quod
453 834 498 866 ibi
529 834 663 866 invenies
694 833 748 865 ubi
780 834 827 865 ait
858 833 1040 874 Lybicone
1072 832 1286 864 habitantes
1319 832 1431 864 litore

147 888 292 920 Locros.

237 941 311 973 400.
349 949 589 973 SALLENTINOS
618 949 768 973 OBSEDIT
797 949 922 972 mmm
953 948 1090 972 OAMPOS
1116 938 1333 971 Sallentinum
1357 951 1430 981 pro-

148 994 369 1027 munctorium
392 994 509 1026 Italiae
533 995 584 1026 est
607 995 687 1026 inter
706 994 885 1026 Calabriam
908 996 936 1025 et
954 993 1115 1025 Bruttios:
1138 1004 1214 1025 nam
1237 994 1274 1024 ut
1294 993 1340 1024 ait
1361 992 1429 1025 Sal-

149 1048 268 1080 lustius
302 1048 425 1080 omnis
457 1047 578 1080 Italia
611 1049 745 1080 coacta
777 1048 816 1079 in
849 1047 1069 1102 angustias*
1088 1046 1258 1078 finditur
1288 1046 1326 1078 in
1359 1047 1431 1079 duo

152 1101 459 1144 promunctoria,
482 1101 682 1133 Bruttium
706 1103 743 1133 et
766 1100 1034 1133 Sallentinum.

238 1154 314 1186 401.
350 1163 495 1187 LYCTlvs
519 1164 725 1188 monnnnvs
754 1167 772 1187 a
796 1155 910 1196 Lycto,
944 1153 1058 1186 Cretae
1084 1154 1231 1195 civitate,
1254 1154 1337 1186 unde
1361 1165 1432 1196 pro-

149 1209 223 1251 pter
248 1219 346 1250 supra
369 1207 476 1250 (121)
500 1209 621 1241 dictam
645 1209 758 1250 pulsus
783 1211 832 1240 est
856 1219 995 1240 eausam.
1037 1208 1080 1239 acl
1101 1207 1235 1239 Italiam
1258 1208 1375 1240 venisse
1396 1218 1433 1239 ac

144 1264 220 1303 post
244 1262 359 1294 dicitur
385 1262 420 1294 in
443 1262 558 1294 Asiam
581 1262 738 1303 profectus
765 1262 928 1294 decessisse.
974 1261 1032 1293 alii
1059 1260 1140 1292 hunc
1167 1271 1336 1302 reyressum
1365 1272 1432 1293 con-

149 1315 261 1348 sedisse
282 1316 368 1357 apud
390 1316 569 1357 Apollinem
593 1315 738 1348 Clarium
763 1316 899 1348 tradunt.
990 1323 1095 1346 DVClS
1119 1323 1290 1347 MELIBOEI
1314 1323 1433 1347 Pinno-

151 1377 286 1402 CTETAE
310 1381 328 1401 a
351 1369 523 1411 Meliboea,
548 1369 678 1401 civitate
695 1368 893 1409 Thessaliae,
917 1368 955 1399 de
976 1379 1039 1409 qua
1057 1367 1128 1399 fuit.
1153 1367 1339 1400 ‘Meliboei'
1355 1379 1432 1410 ergo

152 1424 234 1456 discit
255 1434 314 1465 pro
339 1422 610 1455 ‘Meliboeensis'.
1273 1446 1276 1449 Δ

241 1477 315 1509 402.
353 1480 506 1508 svss‘mxA
534 1484 677 1508 PETILIA
705 1484 802 1507 nvno
831 1476 940 1507 civitas
968 1475 1074 1507 cineta
1103 1486 1194 1507 muro
1224 1475 1364 1516 modico,
1397 1476 1434 1506 ut

1449 731 1480 754 10

1452 1267 1485 1290 20

154 1529 222 1572 <IV
259 1530 345 1571 216>
383 1528 858 1574 crinemque-madentem
898 1528 1082 1560 subnixus
1120 1530 1233 1569 rapto
1270 1528 1431 1570 potitur.
1451 1534 1485 1557 25

154 1582 307 1616 ‘Petilia'
336 1583 423 1615 dicta
451 1583 502 1615 vel
530 1580 594 1614 ἀπὸ
619 1582 680 1614 τοῦ
704 1581 880 1623 nevaeum,
908 1581 941 1613 id
966 1583 1015 1614 est
1037 1581 1161 1623 volare,
1195 1581 1280 1623 quod
1304 1583 1434 1623 captato

228 1674 260 1698 15
281 1670 442 1706 Sallustius]
461 1670 526 1698 hist.
546 1670 646 1705 fragm.
666 1670 703 1696 IV
723 1673 756 1697 33
776 1670 823 1696 Kr.

156 1750 345 1787 (condiderint
363 1751 386 1785 e)
405 1751 414 1784 ΙΙ
434 1754 447 1776 1
467 1759 540 1777 nunc
559 1758 609 1777 om.
629 1750 685 1777 GC
700 1751 709 1784 11
727 1749 815 1777 uzalie
834 1750 908 1776 HM
912 1750 940 1776 le
967 1749 1071 1776 euzalis
1091 1749 1181 1776 ΘΟΕ
1207 1749 1294 1776 ozalis
1313 1749 1339 1775 L
1359 1750 1368 1783 ΙΙ
1387 1758 1434 1776 na-

157 1788 221 1815 ricii
239 1787 334 1814 GLH
339 1787 374 1813 M
387 1787 397 1820 ΙΙ
411 1786 476 1812 sunt
493 1794 543 1813 om.
559 1786 626 1812 LH
636 1787 645 1820 ΙΙ
660 1789 675 1812 2
696 1786 767 1812 ozoli
786 1786 861 1818 libri,
880 1794 946 1812 uero
966 1786 1028 1812 add.
1046 1786 1117 1811 ME
1129 1787 1138 1819 ΙΙ
1152 1785 1274 1820 vicinae]
1294 1793 1361 1812 nam
1381 1783 1435 1817 ὄζω

155 1825 199 1851 est
216 1824 301 1858 puteo
321 1823 384 1849 add.
404 1821 434 1848 D
454 1822 464 1856 {l
484 1822 604 1849 uaricios
624 1822 649 1848 G
668 1822 677 1855 ΙΙ
699 1821 836 1855 Opuntios
856 1821 973 1848 Daniel:
991 1821 1104 1855 pontios
1124 1821 1149 1847 G
1163 1822 1172 1855 ΙΙ
1193 1824 1208 1847 3
1229 1820 1436 1854 Epicnemidios

154 1859 267 1893 scripsi:
286 1858 475 1892 epicnemidas
495 1857 520 1883 G
534 1858 543 1891 ΙΙ
557 1857 635 1884 nai-ix
655 1857 680 1883 G
694 1858 703 1891 ss
718 1866 806 1891 opuns
827 1857 905 1891 6114
924 1856 1118 1890 Epicnemidia
1137 1857 1306 1883 Masvicius:
1326 1856 1435 1890 epicne-

155 1894 262 1922 minina
280 1894 305 1921 G
325 1895 335 1928 ss
356 1897 372 1920 5
392 1893 532 1927 opinantii
551 1893 584 1924 G,
604 1901 672 1920 corr.
692 1893 797 1919 Daniel
814 1893 824 1926 fl
845 1896 860 1919 6
880 1892 1010 1926 epitefirii
1030 1892 1055 1918 G
1083 1892 1230 1926 Epizefirei
1248 1892 1353 1918 Daniel
1366 1893 1375 1925 ΙΙ
1396 1893 1436 1918 te-

160 1930 241 1957 firum
260 1930 286 1957 G
315 1929 472 1963 Zephyrum
492 1929 603 1961 Daniel,
622 1929 728 1955 correaei
741 1929 751 1962 ss
769 1928 992 1962 promuntorium
1011 1928 1036 1954 G
1050 1929 1060 1961 ll
1079 1931 1093 1954 7
1114 1929 1250 1954 uocantur
1269 1928 1294 1954 G
1308 1928 1317 1961 ΙΙ
1337 1931 1352 1954 8
1372 1927 1437 1953 iuxa

158 1966 248 1993 delfos
268 1965 293 1992 G
307 1966 316 2000 ss
332 1968 364 1991 10
383 1964 501 1991 feditate
518 1964 543 1990 G
556 1965 566 1998 ΙΙ
582 1967 611 1990 11
630 1964 773 1991 Cornelius
789 1964 902 1990 Tacitus
921 1963 991 1989 dicit
1006 1963 1144 1997 Opuntios
1165 1963 1212 1997 qui
1231 1963 1329 1989 libiam
1348 1962 1436 1989 delati

157 2003 222 2028 sunt
240 2001 412 2028 Nasamones
431 2000 569 2034 appellari
589 2008 605 2026 a
625 1999 742 2026 Neritiis
763 1999 893 2026 oriundos
913 1999 1036 2026 Ambros.
1052 2000 1061 2032 11
1077 2002 1108 2025 12
1127 1998 1240 2025 nariciis
1258 1998 1283 2024 G
1297 2000 1306 2032 ss
1321 2002 1354 2024 14
1373 2007 1436 2033 pro-

158 2037 330 2064 muntorium
349 2036 407 2062 FO
433 2035 657 2070 promunturium
678 2035 715 2061 M
732 2035 980 2069 (promunctorium
999 2035 1035 2068 m)
1050 2035 1059 2069 ΙΙ
1075 2037 1107 2061 15
1126 2034 1238 2061 brittios
1257 2034 1288 2060 F
1299 2036 1308 2067 η
1324 2037 1355 2060 16
1376 2034 1436 2060 fun-

157 2072 232 2099 ditur
251 2072 344 2098 FLE
362 2072 488 2105 (finditur
506 2072 526 2105 l)
547 2072 556 2104 ΙΙ
579 2071 621 2105 inl
642 2070 714 2097 inter
734 2070 763 2096 F
769 2070 791 2097 Ο
809 2072 818 2105 ΙΙ
840 2074 871 2097 17
891 2070 1085 2104 promuntoria
1103 2070 1161 2096 FO
1186 2069 1382 2104 promunturia
1402 2070 1439 2096 M

158 2107 375 2142 (promunctoria
393 2108 429 2141 m)
444 2109 453 2141 ΙΙ
467 2107 604 2140 bryttium
625 2106 655 2133 F
680 2106 808 2132 brittium
828 2106 851 2132 0
878 2106 1000 2132 brutium
1015 2106 1080 2132 LH
1096 2106 1177 2139 (tium
1197 2106 1228 2132 in
1247 2113 1300 2132 ras.
1322 2106 1341 2139 l)
1361 2105 1436 2131 brut-

157 2143 229 2170 tium
249 2143 286 2169 M
290 2151 303 2169 e
329 2143 442 2169 brutum
461 2143 492 2168 E
513 2143 522 2176 ΙΙ
549 2145 581 2168 21
602 2152 680 2168 nvc1s
699 2150 826 2168 MELIBOE!
845 2141 875 2168 id
895 2143 937 2168 est
955 2141 1095 2168 filoctetae
1114 2141 1253 2168 meliboea
1273 2141 1388 2167 ciuitate
1408 2141 1438 2166 F

158 2188 237 2205 nvc1s
256 2188 382 2205 nemnem
401 2178 430 2204 id
450 2180 492 2205 est
511 2178 664 2210 filoctetae;
685 2177 799 2204 melibei
818 2186 835 2203 a
857 2177 972 2204 ciuitate
993 2177 1015 2203 Ο
1027 2177 1037 2211 ΙΙ
1050 2180 1084 2203 22
1104 2177 1273 2204 thessalidae
1293 2185 1364 2210 quae
1383 2176 1438 2202 fuit

161 2214 198 2240 Μ
202 2214 238 2248 el!
255 2217 289 2241 23
308 2213 380 2240 dixit
397 2214 458 2241 hab.
479 2214 523 2248 011
544 2213 746 2240 meliboeenses
765 2213 796 2239 F
821 2212 1016 2239 meliboeensis
1035 2221 1068 2239 ex
1086 2212 1288 2239 meliboeenses
1309 2212 1332 2238 O
1358 2211 1437 2238 meli-

159 2249 269 2276 boensis
288 2250 388 2283 reliqui
404 2251 414 2284 ss
437 2252 471 2276 24
491 2249 589 2276 civitae
607 2249 667 2275 hab.
689 2248 712 2274 O
728 2251 752 2275 et
771 2248 927 2282 Stephanus
944 2249 954 2282 ΙΙ
976 2248 1088 2275 modica
1106 2248 1131 2274 L
1149 2248 1158 2282 ΙΙ
1179 2251 1213 2274 25
1233 2247 1363 2274 subnixas
1384 2247 1408 2273 G
1428 2247 1436 2281 Η

159 2288 193 2312 26
214 2293 270 2312 amo
289 2295 340 2311 τον
359 2293 493 2312 nemci-AY
512 2285 538 2311 G
565 2294 619 2311 auo
639 2294 689 2310 my
708 2292 839 2311 ne¹racoa1
859 2284 882 2310 C
909 2294 971 2310 ΛΉΑ
995 2293 1046 2310 'ror
1064 2293 1196 2310 nxz-meon
1215 2283 1241 2309 L
1267 2284 1370 2316 (ΛηωτΥ
1390 2292 1437 2308 m:-

160 2330 243 2347 'meru
263 2321 282 2354 l)
307 2341 313 2347 .
329 2341 334 2347 .
351 2331 366 2346 Α
392 2329 444 2346 ΤΟΥ
466 2329 581 2350 Νωοοαι
598 2320 635 2347 H.
664 2328 719 2354 pro
743 2320 818 2346 dicta
842 2320 887 2346 vel
911 2317 968 2346 ἀπὸ
993 2319 1045 2346 τοῦ
1064 2318 1208 2346 πέτασθαι
1223 2319 1336 2352 praebet
1355 2326 1372 2344 a
1390 2326 1438 2352 pe-

159 2357 234 2383 taste
253 2355 330 2418 diega
338 2356 383 2417 ἔ
404 2356 481 2383 dicta
499 2358 542 2383 est
555 2364 614 2383 ano
635 2365 687 2382 τον
706 2364 830 2382 ΝετΛοοει
845 2356 875 2382 Ε
897 2364 914 2382 a
932 2356 1059 2390 poetaste
1079 2355 1154 2381 dicta
1169 2363 1181 2380 e
1195 2355 1204 2388 ΙΙ
1218 2353 1305 2388 quod]
1321 2361 1387 2380 nam
1404 2353 1440 2379 M

160 2400 226 2419 nam
245 2399 300 2425 quo
