1722 2670
484 95 597 123 con-M.
616 95 656 122 IN
675 95 783 124 VERG.
802 96 885 123 AEN.
905 96 952 123 111.
974 100 1122 125 171-179.
1374 98 1440 130 375

251 178 322 210 174.
359 185 588 215 VELATASQVE
613 185 726 210 coms
750 177 901 220 vittatas,
924 179 961 210 ut
984 178 1037 219 <V
1057 179 1143 220 366>
1168 179 1311 212 victori
1334 180 1440 212 vela-

157 232 236 264 tum
260 242 352 264 auro
375 231 568 272 vittisque
592 230 810 262 iuvencum:
840 233 897 263 aut
919 234 1094 285 coronatas,
1121 234 1157 264 ut
1179 232 1231 274 <V
1256 233 1320 274 72>
1343 233 1441 266 velat

157 288 326 317 materna
350 287 510 325 tempora
532 286 657 326 myrto.
698 294 776 315 nam
799 284 844 316 dii
869 284 925 326 qui
949 286 1041 317 erant
1065 285 1150 326 apud.
1173 285 1440 319 Laurolavinium

157 349 224 370 non
246 337 413 370 habebant
435 337 578 369 velatum
602 338 707 379 caput.

248 391 319 424 175.
355 403 498 423 umen
518 390 639 431 fluebat.
675 390 747 422 hinc
769 392 798 422 et
820 390 901 431 lapis
918 390 1056 423 manalis
1073 401 1162 432 quem
1181 391 1342 424 trahebant
1357 403 1437 433 pon-

156 445 262 487 tifices,
284 445 423 486 quotiens
444 445 567 476 siccitas
589 446 663 476 erat.

247 498 317 530 176.
355 506 517 530 conmmo
547 506 568 529 Ε
598 506 742 530 STRA'ms
772 506 904 530 conpvs
935 508 976 530 ne
1009 497 1161 530 satietate
1191 498 1337 530 videatur
1364 499 1438 531 reli-

155 551 263 594 quisse
295 562 454 583 somnum.
501 552 533 583 et
564 550 742 593 sciendum,
776 551 853 593 quia
884 551 1033 593 quotiens
1066 562 1103 583 ex
1134 551 1273 593 abrupto
1305 563 1437 585 somnus

154 604 317 647 aufugerit
332 604 496 646 significat
510 615 607 636 omen
625 604 753 646 infelix,
772 606 809 636 ut
827 615 899 636 ecce
918 604 979 636 hoc
998 604 1069 637 loco
1089 606 1265 646 tempestas
1284 606 1437 647 sequitur.

154 658 233 690 item
257 657 292 690 in
316 657 455 690 secundo
479 657 587 699 <302>
612 658 789 690 excutior
813 668 959 699 somno,
989 659 1021 689 et
1049 658 1162 689 statim
1191 659 1337 700 sequitur
1360 659 1436 691 civi-

152 711 231 744 tatis
254 711 427 744 excidium:
452 722 512 743 nec
534 711 604 743 sine
628 711 770 752 ratione3
792 722 870 743 nam
890 711 918 743 si
938 721 1070 743 somnus
1090 722 1205 743 munus
1225 712 1358 744 deorum
1378 714 1436 754 est,

151 766 189 797 ut
212 765 266 806 <11
285 765 372 806 269>
398 767 435 797 et
458 765 556 796 dono
580 764 709 800 divum
733 764 966 806 gratissima
989 764 1128 807 serpit,
1150 776 1216 797 non
1239 765 1308 797 sine
1332 766 1436 798 infeli-

152 819 251 851 citate
275 830 314 851 ex
338 819 477 860 abrupto
502 817 635 850 deorum
658 829 773 849 munus
798 818 954 850 abscedit.

245 872 316 904 177.
349 880 541 909 TENDOQVE
562 879 707 903 SVPINAS
727 880 775 903 AD
795 880 936 904 CAELVM
957 879 1028 903 cvm
1047 880 1140 904 vocn
1160 880 1279 904 MANVS
1298 872 1436 904 honesta

150 925 290 958 elocutio
315 935 388 956 cum
411 935 476 956 uno
501 935 649 956 sermone
672 925 903 966 respondemus
927 925 1067 967 duobus,
1090 926 1127 956 ut
1150 925 1257 966 <568>
1282 926 1434 958 interea

150 979 275 1011 fessos
299 980 438 1010 ventus
463 988 544 1009 cum
568 978 650 1009 sole
674 978 850 1020 reliquit.
897 978 955 1010 ‘ad
975 977 1108 1010 caelum'
1132 981 1234 1011 autem
1257 979 1336 1021 ideo,
1359 980 1435 1020 quia

150 1033 197 1064 dii
212 1034 341 1073 penates
364 1034 393 1063 et
414 1031 501 1063 Iovis
524 1033 552 1063 et
573 1031 733 1072 Apollinis
753 1031 892 1071 fecerunt
912 1032 1105 1064 mentionem.

241 1085 313 1117 178.
350 1093 579 1116 ιΝΤΕΜΕΒΑΤΑ
597 1084 660 1116 rite
678 1084 836 1126 perfecta,
855 1086 905 1126 ut,
929 1085 957 1116 si
976 1084 1092 1116 leniter
1109 1085 1220 1117 vinum
1235 1085 1434 1118 fundendum

149 1141 200 1171 est
223 1140 280 1171 aut
304 1138 392 1170 mola
415 1137 589 1179 inicienda,
613 1138 660 1169 sie
683 1138 764 1170 fiant
786 1139 824 1170 ut
846 1138 931 1170 ratio
957 1138 1060 1180 exigit
1084 1139 1249 1170 sacrificii:
1279 1139 1375 1171 aliter
1406 1140 1433 1171 si

148 1193 242 1234 fiant,
266 1193 425 1224 temerata
449 1202 486 1223 ac
509 1192 642 1223 turbata
666 1193 742 1223 sunt
766 1202 870 1224 sacra:
901 1192 985 1223 unde
1009 1191 1151 1224 Helenus
1177 1192 1284 1234 <406>
1307 1203 1433 1239 neque,

147 1247 251 1279 inter
270 1247 428 1278 sanctos
448 1245 558 1287 ignes
578 1245 616 1276 in
634 1245 781 1277 honore
800 1245 957 1277 deorum
976 1244 1140 1277 hostilis
1160 1245 1282 1277 facies
1302 1256 1432 1278 occur-

147 1301 207 1332 rat
239 1301 277 1332 et
305 1299 432 1331 omina
460 1299 608 1340 turbet,
631 1299 712 1330 item
735 1299 769 1330 in
793 1301 907 1331 octavo
932 1298 1041 1340 <110>
1066 1298 1188 1330 audax
1216 1309 1309 1340 quos
1333 1311 1431 1331 rum-

147 1364 235 1395 pere
267 1352 398 1384 Pallas
432 1362 543 1383 sacra
575 1353 693 1383 vetat.
784 1360 884 1384 Focls
913 1354 941 1383 et
971 1351 1020 1383 hic
1049 1351 1129 1383 sicut
1155 1353 1297 1392 superius
1321 1352 1430 1394 <134>

146 1406 262 1438 dictum
284 1408 340 1447 est,
368 1405 498 1437 ostendit
519 1415 589 1436 cum
611 1405 679 1437 aris
701 1405 794 1436 etiam
816 1404 900 1444 focos
922 1405 1017 1437 solere
1038 1405 1220 1437 numinibus
1242 1406 1428 1437 consecrari:

145 1460 199 1492 sed
215 1459 265 1491 hic
282 1459 354 1490 ideo
374 1457 497 1496 ‘focis'‚
519 1469 586 1490 non
606 1458 685 1499 aris,
709 1458 785 1500 quia
800 1459 961 1498 privatum
975 1458 1163 1499 sacrificium
1177 1459 1328 1499 loquitur;
1352 1470 1428 1491 nam

146 1513 319 1555 penatibus
344 1512 512 1544 sacrificat.
590 1519 770 1543 PERFEOTO
790 1520 933 1543 HONORE
956 1514 1086 1553 peracto
1108 1512 1279 1553 sacrificio,
1303 1513 1358 1554 qui
1378 1515 1429 1544 est

146 1567 251 1599 honor
269 1566 413 1598 deorum.
444 1567 472 1597 et
485 1560 557 1597 bene
570 1565 708 1597 ordinem
721 1567 834 1606 servat,
853 1567 888 1597 ut
901 1567 972 1597 ante
984 1565 1147 1607 sacrificet,
1165 1575 1260 1606 quam
1274 1567 1429 1598 somnium

145 1622 299 1652 narraret.

237 1673 309 1704 179.
346 1685 494 1705 ΔΝΟΗῙΞΕΝ
513 1685 597 1704 mozo
618 1685 736 1704 CERTVM
753 1671 824 1703 bene
844 1670 990 1713 ‘certum',
1013 1672 1088 1712 quia
1110 1672 1244 1704 incertus
1262 1675 1425 1704 erraverat.

145 1727 191 1759 vel
207 1728 335 1767 propter
358 1725 439 1757 illud
461 1725 548 1757 ‘haec
571 1725 668 1757 laetus·
691 1725 833 1766 longaevo
857 1726 939 1757 dicta
955 1725 1108 1766 parenti'.
1135 1744 1171 1748 —

217 1852 233 1876 ὅ
253 1849 319 1876 hinc
339 1849 368 1875 et
387 1870 392 1876 .
414 1870 419 1875 .
442 1870 446 1874 .
467 1848 579 1876 siccitas
598 1848 669 1884 erat]
696 1848 730 1876 cf.
749 1849 847 1875 Festus
866 1849 948 1875 Pauli
967 1858 987 1876 s.
1006 1858 1031 1876 v.
1051 1849 1192 1876 manalem
1210 1848 1334 1882 lapidem

220 1969 231 1991 1
253 1966 290 1992 ad
308 1965 417 1992 velatas
435 1973 510 1999 supr.
530 1973 596 1992 vers.
617 1965 734 1991 uittatas
753 1965 800 1992 uel
818 1966 964 1992 coronatas
985 1965 1010 1991 T
1022 1966 1031 1999 ΙΙ
1050 1964 1136 1991 uittas
1152 1964 1182 1991 F
1193 1965 1202 1999 ΙΙ
1221 1963 1323 1991 uictori
1341 1965 1427 1992 FMz

144 2000 260 2028 uictoris
278 2001 343 2027 LH
366 2000 492 2028 uictoriis
511 2000 541 2026 E
553 2002 563 2034 ΙΙ
581 2004 596 2027 2
616 2001 695 2028 uelut
714 2000 744 2027 F
755 2002 765 2035 ss
778 2004 794 2027 3
813 2000 1061 2027 laurumlauinium
1080 2000 1111 2027 F
1121 2001 1131 2035 ΙΙ
1146 2003 1161 2027 5
1180 2000 1314 2027 manabat
1332 2001 1427 2027 autem

145 2036 286 2071 significat
311 2036 424 2077 fluebat:
457 2036 523 2076 liinc
552 2036 654 2077 dicitur
681 2036 754 2070 lapis
783 2036 902 2082 mannlis
926 2044 1008 2077 quem
1032 2036 1353 2078 trehebantfflontifices
1377 2044 1427 2070 per

145 2080 246 2134 20235’230
251 2072 441 2147 tamisa?
443 2072 819 2142 ⁰1¹ta52'i2u31'30'3²a332”⁶ff'11‘¹l⁷·2
834 2071 1425 2147 1²„fgfiz'3mzzfi’0zzeffssezzsZimizes

146 2142 176 2169 F
192 2143 202 2177 ΙΙ
226 2146 258 2169 16
281 2142 345 2170 ideo
369 2143 440 2170 dixit
457 2143 494 2170 ad
513 2143 622 2170 caelum
641 2142 707 2177 quia.
725 2143 779 2177 ipsi
798 2142 839 2169 dii
857 2143 972 2177 penates
991 2142 1062 2169 iouis
1082 2144 1111 2170 et
1128 2142 1279 2177 appolhnis
1298 2142 1426 2169 fecerunt

145 2177 316 2205 mentionem
334 2179 366 2205 in
383 2187 469 2213 mary.
491 2179 516 2204 T
528 2180 537 2213 ss
553 2181 584 2205 18
605 2178 628 2204 si
647 2178 759 2214 leniter]
780 2178 894 2205 silenter
912 2178 943 2204 E
955 2179 964 2212 ss
980 2181 1012 2205 19
1031 2177 1080 2205 fiat
1100 2179 1137 2205 M
1154 2178 1234 2212 (fiant
1252 2180 1288 2212 m)
1302 2178 1311 2211 ΙΙ
1326 2181 1358 2204 21
1380 2186 1423 2205 oc-

145 2214 225 2240 curat
251 2214 280 2240 et
307 2213 400 2241 omnia
424 2215 482 2248 (sic)
506 2214 612 2249 turbet]
633 2214 667 2240 ab
685 2214 728 2240 his
746 2214 834 2240 verbis
852 2214 952 2248 incipit
972 2213 1113 2241 Oasselani
1130 2214 1274 2248 quaternio
1296 2214 1395 2239 XIII.
1415 2213 1423 2248 Η

146 2252 179 2275 22
200 2248 294 2275 omnia.
311 2249 342 2275 E
354 2250 364 2283 ΙΙ
377 2252 410 2276 25
430 2249 566 2284 loquitur]
587 2249 712 2283 sequitur
730 2249 834 2276 Daniel
847 2250 958 2283 primus
970 2250 980 2284 u
994 2258 1059 2276 nam
1079 2249 1273 2276 Commelinus:
1293 2257 1349 2275 non
1369 2248 1399 2274 F
1416 2250 1423 2283 jj

145 2287 179 2311 26
204 2284 329 2324 perfecto
352 2284 487 2312 sacrificio
512 2285 536 2312 Ο
559 2286 569 2320 [Ι
596 2288 629 2312 27
653 2293 728 2320 supr.
753 2293 818 2312 vers.
841 2288 891 2312 168
915 2293 1006 2312 rerum
1026 2285 1151 2312 ordinem
1171 2286 1265 2311 seruat
1283 2286 1315 2311 ut
1332 2284 1422 2318 primo

145 2319 283 2346 sacnficet
301 2321 330 2346 et
347 2321 445 2354 postea
463 2321 602 2347 somnium
621 2321 717 2347 narret
738 2320 783 2355 ΤΙ]
798 2323 831 2347 29
850 2321 981 2347 scholium
998 2321 1036 2348 ad
1054 2329 1078 2348 v.
1099 2323 1149 2347 179
1169 2321 1259 2347 omisit
1276 2320 1381 2346 Daniel

1457 666 1490 690 10

1456 934 1488 958 15

1452 1200 1486 1225 20

1450 1467 1482 1490 25

1446 1733 1480 1756 30
