1630 2684
461 163 466 166 ,
503 129 615 157 ΟΟΜΜ.
635 129 675 156 IN
695 127 802 157 VERG.
823 129 906 156 AEN.
927 129 947 156 Ι.
968 132 1116 157 534—538.
1388 129 1452 162 165

169 213 270 245 Orion
290 223 368 255 ergo
387 213 502 254 postea
526 213 662 243 venator
684 211 802 252 factus,
825 211 907 243 velut
930 212 1024 243 trium
1042 214 1210 252 pareutum
1228 213 1344 245 viribus
1367 213 1450 254 fisus,

168 267 244 298 dum
269 266 376 309 vellet·
391 276 463 297 cum
486 264 593 297 Diana
617 265 843 305 concumbere,
869 266 906 296 ut
929 264 1086 296 Horatius
1110 265 1202 307 dicit,
1226 266 1295 297 eius
1320 267 1450 308 sagittis

170 320 295 352 occisus
319 321 382 361 est,
405 320 442 350 ut
465 317 627 360 Lucanus,
650 318 785 350 inmisso
810 318 979 359 scorpione
1002 318 1113 359 periit,
1145 320 1177 350 et
1201 319 1333 351 deorum
1357 321 1449 352 mise-

167 374 292 406 ratione
314 373 437 404 relatus
461 371 494 403 in
514 371 621 403 sidera
639 371 768 413 signum
789 371 952 403 famosum
971 372 1222 413 tempestatibus
1247 372 1332 404 fecit.
1382 374 1449 405 veri

169 426 307 458 similius
341 427 449 458 autem
480 426 531 457 est
559 436 579 456 a
607 425 775 466 scorpione
803 425 1048 467 interemptum,
1080 436 1143 466 qno
1173 425 1296 457 oriente
1324 427 1449 468 occidit,
1469 434 1485 458 5

166 481 240 521 quia
271 482 300 512 et
329 480 517 520 scorpionem
550 481 709 519 tamquam
741 479 870 511 ultorem
898 479 1068 519 pudicitiae
1095 478 1207 510 Diana
1236 480 1316 511 iuter
1348 481 1450 512 sidera

165 533 336 566 collocavit:
365 533 454 564 cuius
481 532 582 564 chelae
608 534 787 573 amputatae
814 533 904 564 aliud
928 533 1052 573 siquam
1079 532 1230 572 feceruut;
1260 543 1336 564 uam
1368 534 1450 574 ipsae

164 588 238 618 sunt
260 585 348 617 libra.
395 596 472 617 sane
502 586 567 625 ipse
592 584 690 617 Orion
718 585 940 626 magnitudine
970 596 1027 616 sua
1055 585 1166 617 multis
1196 586 1299 618 oritur
1327 587 1449 629 diebus,

165 641 197 672 et
220 639 292 671 ideo
317 639 386 670 eius
411 638 510 670 etiam
536 639 621 680 apud
645 639 770 680 peritos
795 641 844 670 est
868 639 992 670 incerta
1010 640 1200 680 tempestas:
1225 640 1308 671 unde
1327 640 1448 672 dictum

164 695 214 725 est
238 692 327 724 ‘cum
352 692 461 724 subito
486 691 681 734 adsurgens'
711 692 751 723 ad
776 692 1017 724 excusationem
1045 703 1109 724 non
1138 693 1305 734 praevisae
1328 695 1448 735 tempe·
1471 703 1502 726 ιο

165 746 269 778 statis.
307 748 340 777 et
355 746 450 777 multi
466 746 629 787 superfluo
645 747 817 787 quaerunt,
837 756 893 777 cur
912 748 1003 777 ortus
1023 748 1293 778 commemoretur
1308 746 1449 785 Orionis,

163 811 234 832 cum
259 800 303 831 sit
326 799 463 831 inmissa
493 810 511 830 a
535 799 656 831 Iunone
685 801 873 841 tempestas.
921 799 975 831 sed
998 799 1143 832 Ilioneus
1172 800 1237 832 ista
1265 811 1329 832 non
1357 801 1449 832 novit

162 864 245 896 quae
274 865 293 885 a
320 855 417 894 poeta
446 864 544 894 supra
573 853 658 884 dicta
688 854 776 894 sunt,
806 864 864 894 per
892 863 1033 894 musam,
1062 855 1098 884 ut
1127 853 1281 895 diximus,
1309 854 1448 895 cognita.

161 909 194 939 et
217 909 347 939 constat
370 907 503 938 numina
526 918 559 938 m
615 907 747 938 inventa
767 907 935 938 occasione
954 917 1070 938 nocere
1089 918 1155 938 non
1174 918 1284 948 posse:
1310 908 1423 949 quod
1414 919 1447 939 ιιι

161 960 250 992 omni
274 971 332 993 suo
362 971 459 1001 opere
483 918 648 1001 Ῡεῑὲᾯιιε
678 960 851 1014 diligenter
880 960 1042 992 observat.
1088 960 1158 992 bene
1185 963 1288 992 autem
1316 960 1447 993 nimbo-
1469 970 1500 993 15

160 1013 237 1055 sus’,
261 1015 315 1054 qui
342 1016 370 1045 ct
397 1024 432 1045 οι
434 1016 466 1045 tu
493 1024 548 1045 suo
576 1016 604 1045 et
630 1024 737 1045 occasa
766 1016 952 1054 tempestates
983 1017 1147 1055 commovet,
1175 1015 1255 1046 sicut
1276 1015 1323 1046 ait
1344 1015 1447 1046 Hora-

163 1068 225 1099 tius
247 1078 319 1108 qua
343 1068 468 1099 tristis
488 1067 604 1099 Orion
623 1068 743 1105 casm,-
762 1069 791 1099 ct
808 1068 883 1107 quia
901 1067 956 1099 hoc
974 1068 1095 1108 siquam
1115 1068 1159 1099 ibi
1176 1070 1231 1106 est,
1250 1068 1303 1100 ubi
1322 1068 1448 1109 Hyades

161 1121 244 1153 circa
264 1121 399 1161 frontem
425 1121 532 1152 Tauri.

251 1174 325 1206 536.
362 1183 399 1206 IN
414 1184 509 1206 VADA
525 1183 638 1206 CAECA
654 1175 834 1216 incognita,
855 1174 1001 1206 latentia.
1070 1182 1286 1206 PnocAomvs
1302 1183 1446 1207 Avsrms

160 1228 452 1270 perseverantibus.
510 1230 542 1259 et
574 1239 694 1270 procax
727 1228 855 1269 proprie
889 1229 987 1269 petax
1020 1229 1082 1269 est,
1120 1239 1196 1259 nam
1229 1239 1363 1269 procare
1398 1231 1447 1260 est
1466 1237 1500 1259 20

162 1283 286 1323 petere,
309 1281 393 1313 unde
418 1283 450 1313 et
468 1281 558 1323 proci
584 1281 766 1322 [petitores]
787 1281 947 1313 dicuntur.
984 1282 1043 1313 alii
1067 1281 1274 1321 ‘procacibus’
1298 1282 1446 1322 inpuden-

164 1334 243 1367 tibus
266 1335 402 1367 tradunt.

251 1388 324 1420 537.
363 1397 501 1427 PERQVE
521 1397 636 1421 VNDAS
657 1397 861 1420 SVPERANTE
883 1397 971 1421 SALo
992 1388 1117 1420 elevato
1138 1388 1221 1420 mari
1241 1390 1273 1419 et
1293 1388 1326 1419 in
1345 1388 1446 1420 undas

162 1441 279 1483 diviso,
303 1444 340 1473 ut
364 1442 448 1474 solet
471 1443 504 1474 in
527 1428 731 1483 teinpestate.
779 1441 881 1473 ‘salo'
911 1444 1020 1474 autem
1048 1442 1138 1473 venit
1162 1442 1202 1473 ab
1227 1452 1264 1473 eo
1290 1442 1373 1483 quod
1398 1444 1447 1474 est

161 1495 223 1527 hoc
246 1495 351 1527 salum
376 1496 451 1536 sali,
474 1507 550 1527 nam
575 1495 657 1527 sale
681 1495 860 1527 tabentes
891 1495 931 1527 ab
956 1506 994 1527 eo
1019 1495 1104 1537 quod
1133 1497 1181 1526 est
1209 1495 1262 1526 hic
1286 1495 1334 1526 sal
1358 1495 1445 1527 salis.
1465 1503 1498 1526 25

250 1557 389 1587 PERQVE
413 1558 511 1580 INVIA
535 1557 625 1581 SAXA
650 1548 779 1590 ³invia’,
808 1548 841 1579 id
871 1551 921 1580 est
952 1560 1081 1591 aspera,
1110 1548 1261 1580 inmania.
1307 1549 1389 1580 unde
1415 1550 1447 1580 et

161 1602 246 1634 Dido
270 1602 369 1644 paulo
388 1604 464 1643 post
484 1602 581 1644 ‘quae
601 1602 648 1634 vis
669 1602 853 1634 inmanibus
874 1602 1017 1644 adplicat
1036 1601 1141 1634 oris'?
1176 1613 1242 1633 non
1262 1602 1346 1633 enim
1371 1612 1445 1633 suos

161 1655 339 1697 vituperat,
364 1655 419 1687 sed
442 1658 592 1687 naturam
617 1656 723 1687 litoris
748 1655 867 1697 culpat.

251 1708 325 1741 538.
363 1722 423 1741 arc
443 1722 532 1741 mrct
561 1709 627 1741 vult
656 1709 803 1750 intellegi,
834 1711 883 1740 ut‘
905 1709 1032 1748 quidam
1064 1708 1205 1748 tradunt,
1237 1719 1388 1749 superesse
1419 1711 1447 1740 et

161 1762 240 1794 alios
270 1762 324 1802 qui
353 1764 427 1793 suut
454 1762 490 1794 iu
519 1762 626 1802 futuro
655 1762 800 1799 vindices,
824 1762 852 1793 si
879 1762 932 1793 isti
958 1761 1078 1800 fuerint
1101 1761 1191 1799 laesi‚·
1220 1771 1295 1793 uam
1322 1762 1376 1793 lioc
1404 1765 1447 1793 est

233 1852 248 1876 2
273 1849 417 1884 Horatius]
444 1857 527 1876 carm.
554 1850 593 1876 ΙΙΙ
617 1853 646 1883 4,
671 1852 703 1876 71
727 1850 736 1882 ΙΙ
760 1852 775 1875 3
800 1849 942 1883 Lucanus]
968 1848 1006 1874 IX
1030 1851 1081 1874 836
1105 1849 1115 1882 Π
1139 1851 1171 1874 16
1195 1847 1339 1883 Horatius]
1365 1849 1444 1882 epod.

163 1888 205 1919 10,
226 1886 331 1919 101120
351 1886 380 1911 et
398 1893 501 1919 procax
522 1906 527 1911 .
544 1907 548 1912 .
567 1906 572 1911 .
592 1884 719 1919 tradunt]
740 1893 827 1913 exscr,
847 1884 910 1910 Isid.
931 1883 999 1917 orig.
1017 1884 1041 1909 X
1055 1886 1115 1910 214.
1137 1883 1171 1910 cf.
1187 1884 1293 1910 Nonius
1308 1893 1334 1918 p.
1350 1886 1392 1910 23.
1409 1884 1445 1912 Μ.

165 1922 194 1947 et
212 1920 282 1948 Don.
302 1920 338 1947 ad
357 1920 419 1947 Ter.
439 1921 498 1947 hec.
519 1921 531 1946 Ι
551 1924 579 1954 2,
599 1923 634 1946 84
658 1920 667 1954 ΙΙ
690 1923 723 1946 25
744 1920 814 1954 sale]
836 1920 866 1945 A.
887 1920 898 1945 I
919 1922 969 1945 173

239 2004 251 2027 1
273 2001 358 2028 Orion
378 2002 456 2035 ergo]
476 2000 522 2027 hic
537 2001 564 2027 B
582 2001 628 2027 hic
648 2009 714 2034 ergo
734 1999 812 2026 orion
828 1999 851 2026 G
862 2000 870 2032 ΙΙ
884 1998 953 2025 fusis
969 1998 993 2025 Ο
1008 1998 1085 2025 fusus
1100 2008 1133 2026 m.
1148 2007 1198 2026 rec
1214 2000 1223 2033 l]
1238 2003 1252 2026 2
1269 2008 1330 2026 cnm
1346 1999 1445 2026 dianae

161 2036 222 2063 uim
240 2037 327 2063 uellet
345 2036 447 2063 inferre
469 2036 492 2063 O
512 2038 521 2070 ΙΙ
544 2040 559 2063 3
579 2036 653 2070 perit
673 2036 696 2062 G
716 2037 724 2069 ΙΙ
748 2039 764 2061 4
788 2035 894 2061 relatus
912 2034 986 2060 inter
1005 2035 1097 2061 sidera
1115 2035 1142 2060 B
1169 2034 1242 2061 inter
1266 2035 1358 2062 sidera
1376 2036 1446 2062 rela-

161 2073 206 2099 tus
227 2071 250 2099 G
271 2073 280 2106 ΙΙ
304 2076 319 2099 6
343 2072 499 2106 pudiciciae
526 2072 548 2099 O
568 2073 578 2106 ss
602 2075 616 2098 7
642 2072 736 2098 caelae
763 2071 785 2097 G
806 2071 815 2105 ΙΙ
838 2070 925 2096 alium
951 2069 974 2095 C'
993 2071 1002 2104 ΙΙ
1026 2070 1086 2104 ipse
1112 2070 1135 2097 G
1155 2071 1164 2104 ss
1188 2073 1220 2097 10
1244 2071 1373 2105 prouinae
1399 2071 1422 2097 Ο

164 2111 196 2134 12
216 2107 265 2134 sed
284 2109 312 2134 et
333 2108 355 2134 G
376 2108 385 2142 ΙΙ
409 2111 442 2134 13
461 2109 493 2134 ut
512 2108 617 2134 dictum
638 2109 680 2134 est
701 2107 723 2133 G
739 2108 748 2140 n
768 2110 801 2133 16
820 2105 880 2140 qui]
901 2105 967 2139 quia
985 2106 1104 2132 enotavit
1124 2106 1271 2140 Scioppius
1290 2107 1299 2141 11
1320 2110 1350 2133 17
1371 2106 1447 2133 caint

165 2143 188 2169 O
207 2144 217 2177 ss
239 2143 325 2177 yades
346 2143 369 2170 0
386 2143 467 2170 sicles
487 2143 635 2177 Scioppius
653 2144 662 2177 ΙΙ
684 2145 716 2168 19
737 2143 773 2168 acl
791 2150 815 2168 v.
836 2144 887 2168 536
907 2141 938 2167 In
957 2141 1031 2168 uada
1050 2141 1146 2176 caeca]
1166 2141 1311 2176 incognita
1330 2142 1447 2169 latentia

165 2200 170 2205 .
186 2200 192 2206 .
209 2199 215 2205 .
235 2179 434 2213 inpudentibus
454 2179 580 2206 tradunt.
598 2179 626 2204 P
647 2179 656 2212 ss
683 2182 714 2204 21
736 2177 871 2212 petitores
890 2177 998 2204 seclusit
1017 2177 1052 2203 F.
1073 2177 1229 2204 Schoezlius.
1262 2186 1379 2204 uxorum
1399 2187 1446 2211 pc-

163 2213 260 2241 titores
264 2188 310 2240 pL
335 2215 451 2248 fortasse
474 2214 715 2241 matrimoniorum
738 2213 879 2247 petitores
905 2213 938 2245 cf.
962 2212 1074 2239 Nonius
1095 2214 1105 2246 ΙΙ
1128 2216 1161 2239 23
1186 2214 1222 2240 acl
1245 2222 1268 2240 v.
1290 2216 1340 2239 537
1366 2213 1443 2247 Salo]

163 2250 258 2276 autem
280 2250 359 2276 uenit
378 2250 413 2277 ab
433 2258 537 2284 eoque
558 2250 653 2284 (quod)
673 2251 717 2275 est
734 2249 824 2275 salum
842 2248 902 2274 sali.
940 2256 1005 2274 nam
1027 2248 1101 2274 ‘sale
1127 2249 1271 2275 tabentes'
1293 2249 1329 2275 ab
1348 2257 1380 2275 eo
1401 2250 1445 2280 (eo

164 2285 244 2318 deest)
262 2285 336 2319 quod
356 2287 397 2312 est
416 2285 462 2312 hic
482 2286 523 2312 sal
543 2285 616 2312 salis.
639 2286 665 2311 1²
677 2287 686 2318 ΙΙ
701 2287 734 2311 25
750 2284 830 2317 salis,
850 2292 913 2310 cum
929 2283 1018 2310 salum
1033 2292 1050 2310 a
1065 2282 1172 2310 σαλεύω
1187 2285 1217 2310 D
1231 2285 1240 2318 ss
1255 2287 1287 2311 29
1303 2285 1340 2310 all
1353 2293 1376 2310 v
1393 2286 1444 2309 538

169 2320 302 2355 Dispulit]
321 2321 459 2355 dispersit.
493 2321 665 2347 Adnauimus
682 2320 749 2355 oris]
770 2328 820 2354 pro
840 2318 1034 2346 adnatauimus
1054 2328 1103 2353 per
1121 2328 1262 2354 syncopen
1281 2320 1443 2353 (sincopen).

167 2355 194 2381 1’
214 2356 223 2390 ΙΙ
246 2359 278 2383 29
303 2356 331 2382 in
352 2356 442 2384 futero
461 2357 501 2383 vel
519 2357 612 2383 futoro
633 2356 655 2382 C
673 2357 751 2390 (corr.
773 2355 843 2389 Οἳ).
883 2354 996 2381 .futuri
1014 2355 1074 2389 (sic)
1094 2355 1241 2389 Scioppius
