1722 2670
527 143 640 170 COMM.
659 142 700 169 IN
719 142 827 170 VERG.
846 141 930 168 AEN.
950 142 996 169 111.
1017 144 1131 168 21-30.
1401 140 1463 170 341

184 226 265 258 hanc
287 236 356 258 cum
379 220 506 267 quidam
523 225 726 266 popularium
748 225 831 256 dives
848 226 877 255 et
897 223 1009 255 nobilis
1073 225 1218 261 amasset,
1246 233 1267 254 a
1283 222 1466 263 parentibus

183 281 249 312 eius
272 280 443 320 postulavit
473 289 608 311 uxorem.
652 278 768 309 interea
801 277 935 309 latrones
966 277 1071 308 urbem
1104 279 1340 317 occupaverunt:
1372 286 1466 317 quam

183 344 253 366 cum
275 333 512 374 depopulantur,
539 332 705 373 M'yrenen,
727 331 880 371 fratribus
903 331 968 362 eius
990 331 1107 369 occisis,
1135 330 1287 370 captivam
1311 331 1466 361 duxerunt

183 389 212 419 et
233 387 268 419 in
292 387 414 419 latebris
437 387 644 424 condiderunt,
668 386 761 417 donec
783 385 850 416 alia
874 385 940 416 loca
962 386 1126 416 vastarent.
1163 384 1216 415 sed
1232 383 1306 414 haec
1324 383 1464 424 Myrene,

183 441 307 472 inventa
339 440 506 478 occasione,
537 440 620 480 fuyit
646 441 675 470 et
700 439 744 470 ad
769 438 846 470 cives
871 448 992 470 reversa
1020 439 1070 469 est.
1113 437 1266 478 qratulati
1292 437 1369 467 cives
1396 446 1464 467 eam

181 494 363 526 sacerdotem
387 493 511 525 Veneris
533 503 594 525 esse
616 493 788 524 iusserunt:
811 502 888 532 quae
911 502 980 523 cum
1001 501 1091 523 sacra
1116 490 1285 528 celebraret,
1308 500 1407 521 unum
1430 490 1465 521 de

184 547 368 585 latronibus,
392 557 450 587 per
471 557 546 587 quos
568 546 694 586 abrepta
715 545 832 585 fuerat,
862 546 896 576 in
913 545 999 585 plebe
1022 545 1170 585 coynovit,
1194 553 1320 584 eumque
1343 553 1464 583 conpre-

182 601 309 633 hensum
332 601 367 632 in
390 601 523 632 medium
546 600 655 641 vulqus
678 600 823 631 extramit.
860 599 948 639 latro,
968 598 1077 638 poenis
1100 599 1236 638 adactus,
1260 597 1366 628 omnia
1388 607 1466 637 quae

181 654 416 686 intendebantur
438 654 593 694 confessus
615 656 671 694 est,
693 653 789 685 socios
811 663 936 693 quoque,
959 652 1087 683 ubinam
1109 653 1214 689 essent,
1229 651 1376 691 prodidit.
1413 651 1467 682 sed

182 709 314 746 iuvenis,
342 708 396 748 qui
423 718 490 739 eam
518 710 589 739 ante
616 709 776 738 amaverat
798 709 826 737 et
841 706 975 746 petierat
997 706 1057 738 sibi
1079 706 1250 746 coniuyem,
1278 705 1321 736 ad
1342 705 1463 736 investi-

180 762 299 803 9andos
323 761 456 793 latrones
477 761 537 792 sibi
559 761 713 802 neyotium
736 760 922 801 depoposcit:
945 770 1020 800 quos
1042 770 1111 791 cum
1135 760 1272 790 inventos
1294 758 1418 798 cepisset
1439 760 1467 789 et

177 816 355 856 praemium
379 817 527 856 posceret,
558 815 633 846 data
663 815 691 846 ei
712 816 848 855 potestas
874 816 917 845 cst
946 824 966 844 a
983 813 1112 854 populo,
1143 815 1179 844 ut
1199 812 1350 853 virginem
1373 822 1467 852 quam

182 871 341 900 amaverat
367 870 403 900 in
430 869 665 900 matrimonium
693 869 828 900 duceret:
857 867 892 898 ob
919 877 1012 907 quam
1041 877 1105 898 rem
1133 867 1217 898 irata
1247 866 1347 912 Venus
1376 865 1466 896 illum

181 923 263 954 mori
283 923 364 964 fecit,
386 923 537 963 viryinem
560 924 663 953 autem
683 922 717 953 in
737 924 872 962 myrtum
890 921 1029 952 arborem
1048 921 1144 958 vertit,
1167 920 1252 960 eique
1270 920 1352 959 quod
1368 929 1465 950 saeer-

183 976 237 1008 dos
257 976 376 1017 fuisset,
393 976 560 1017 praestitit,
583 978 618 1007 ut
633 977 779 1016 perpetuo
803 977 832 1006 et
853 975 943 1006 suavi
965 975 1054 1006 odore
1074 974 1227 1014 qauderet.

271 1030 323 1061 24.
360 1038 502 1062 ACGESSI
526 1040 592 1060 non
615 1029 654 1060 ad
679 1039 825 1069 cornum,
854 1027 909 1059 sed
933 1027 973 1059 ad
997 1029 1154 1068 myrtum,
1183 1037 1265 1068 quae
1289 1026 1374 1058 inter
1398 1037 1466 1057 ver-

182 1083 282 1115 benas
308 1085 366 1115 est.
414 1086 446 1115 et
469 1083 551 1115 bene
574 1082 672 1114 matri
697 1082 935 1113 sacrificaturus
961 1092 1033 1112 aras
1058 1082 1192 1112 coronat
1216 1091 1254 1111 ex
1278 1081 1397 1121 myrto.

182 1144 312 1168 SILVAM
335 1137 413 1169 sicut
435 1137 551 1169 dictum
574 1139 629 1175 est,
657 1136 739 1167 bene
762 1135 882 1176 variat,
906 1137 942 1166 ut
965 1145 1050 1166 nuno
1074 1134 1202 1175 silvam,
1226 1144 1311 1165 nunc
1334 1133 1465 1173 vimina,

181 1200 266 1221 nunc
290 1190 441 1232 virgulta,
464 1202 549 1222 nunc
573 1190 722 1222 arborem
746 1189 841 1220 dicat.

270 1243 322 1275 25.
359 1256 451 1276 RAms
472 1257 608 1276 mamm!
628 1243 781 1275 excusatio
803 1253 825 1273 a
847 1242 1009 1274 voluntate.

272 1297 322 1329 26.
359 1305 549 1329 MONSTRVM
577 1297 659 1328 bene
687 1298 884 1337 monstrnm3
913 1307 989 1327 nam
1017 1295 1130 1330 statim
1154 1295 1231 1336 quid
1256 1296 1342 1326 esset
1366 1305 1463 1335 appa-

181 1350 256 1382 ruit.
281 1352 314 1382 et
332 1350 395 1382 hoc
413 1350 624 1391 proprietatis
646 1352 708 1391 est3
730 1350 886 1381 abusione
905 1351 1015 1381 tamen
1033 1349 1222 1390 plerumque
1238 1348 1463 1389 corrumpitur.

271 1404 323 1436 28.
360 1412 564 1442 LIQVVNTVR
595 1402 651 1434 ‘li’
683 1404 717 1435 in
747 1403 845 1435 verbo
875 1402 1079 1444 producitur,
1110 1404 1146 1434 ut
1175 1402 1237 1433 hoe
1268 1402 1353 1442 loco,
1384 1401 1463 1433 item

183 1458 291 1489 canis
316 1469 398 1490 eum
421 1457 618 1489 montibus
644 1468 750 1488 umor
769 1456 951 1498 liquitur:
976 1456 1008 1488 in
1027 1456 1159 1488 nomine
1178 1466 1255 1488 vero
1276 1455 1384 1487 brevis
1405 1457 1463 1497 est,

182 1513 217 1542 ut
241 1510 391 1553 ‘liquor'.

273 1564 325 1596 29.
363 1573 454 1596 TABO
493 1566 644 1604 corrupto
683 1564 849 1605 sanguine.
900 1565 933 1595 et
971 1565 1020 1595 est
1057 1574 1175 1595 nomen
1208 1574 1300 1595 casus
1334 1563 1465 1604 septimi

186 1619 329 1659 tantum,
361 1619 398 1649 ut
431 1617 578 1658 ‘sponte’
613 1616 738 1649 ‘natu'2
772 1617 855 1658 quod
890 1617 917 1648 si
949 1617 1030 1648 velis
1055 1616 1228 1658 declinare,
1260 1616 1340 1648 haee
1362 1617 1465 1658 tabes,

181 1671 280 1703 huius
304 1671 389 1703 tabis
414 1671 503 1702 dicis.

273 1726 325 1757 30.
362 1733 507 1757 MEMBRA
532 1733 661 1762 QVATIT
690 1736 787 1756 causa
815 1725 933 1766 pendet
962 1735 1000 1756 ex
1030 1735 1140 1755 causa:
1168 1734 1245 1754 nam
1268 1724 1368 1755 timor
1393 1735 1464 1755 san-

183 1778 316 1821 guinem
344 1779 448 1819 gelat,
478 1778 532 1819 qui
562 1779 691 1809 coactus
721 1777 829 1819 gignit
852 1778 965 1819 frigus.
1057 1789 1242 1812 euzomon*
1262 1789 1326 1808 σοιν
1342 1776 1465 1817 physice

183 1833 319 1873 loquitur
341 1835 369 1863 et
392 1831 633 1869 rationabiliter,·
657 1841 733 1862 nam
755 1831 826 1862 hinc
848 1834 877 1862 ct
889 1831 994 1871 pallor
1012 1831 1160 1869 nascitur,
1183 1841 1252 1861 cuin
1269 1841 1300 1862 se
1319 1832 1362 1863 ad
1376 1842 1464 1871 prae—

182 1886 287 1918 cordia
307 1886 430 1926 fugiens
453 1884 608 1916 contrahit
628 1885 764 1925 sanquis.

253 1985 287 2008 24
308 1981 396 2016 canis]
417 1990 511 2016 georg.
533 1982 544 2007 Ι
564 1985 596 2008 43
617 1982 627 2015 ss
645 1984 679 2007 26
699 1981 728 2007 et
747 1981 790 2007 est
807 1988 907 2008 nomen
928 2002 933 2007 .
955 2001 960 2006 .
982 2002 988 2007 .
1008 1981 1088 2016 natu]
1110 1980 1142 2007 cf.
1166 1980 1284 2016 [Sergii]
1303 1981 1412 2015 explan.
1433 1981 1463 2007 in

182 2018 251 2044 Don.
271 2026 297 2051 p.
318 2020 378 2050 490,
398 2021 414 2043 4
434 2019 463 2043 et
481 2020 542 2050 540,
563 2021 595 2043 12
610 2017 642 2043 Κ.

255 2119 270 2141 3
290 2115 415 2141 mir-enen
435 2115 464 2141 F
476 2116 485 2148 ΙΙ
504 2118 519 2141 5
540 2114 616 2141 einer
635 2114 685 2147 Fss
700 2117 715 2140 8
735 2114 836 2148 uulgus
855 2114 884 2140 F
896 2116 906 2148 u
922 2117 952 2140 11
974 2115 1112 2148 coepisset
1130 2114 1159 2141 1⁸
1171 2116 1180 2148 11
1197 2117 1228 2141 13
1248 2115 1277 2140 in
1295 2115 1412 2141 Daniel:
1431 2115 1464 2140 ut

184 2151 214 2177 F
236 2151 246 2185 ΙΙ
270 2154 303 2177 14
322 2150 408 2176 uertit
426 2151 543 2177 Daniel:
562 2152 655 2176 uertat
673 2150 704 2175 F
721 2151 731 2183 ΙΙ
756 2153 786 2217 1)7
808 2159 841 2176 ex
860 2150 952 2183 myrto
972 2151 1087 2176 coronat
1107 2151 1143 2176 M
1160 2151 1170 2184 ΙΙ
1193 2153 1226 2176 21
1246 2150 1377 2184 apparuit
1395 2150 1463 2184 quid

184 2189 259 2212 esset
277 2186 302 2212 L
320 2187 329 2220 ss
348 2189 381 2212 22
401 2186 518 2212 abusine
537 2186 567 2212 Ε
586 2186 729 2220 (abusione
749 2188 771 2217 e)
793 2187 801 2218 ΙΙ
823 2189 856 2211 23
876 2188 939 2212 ante
957 2186 1087 2212 scholium
1107 2187 1143 2212 ad
1162 2195 1316 2216 mqvvurvu
1334 2187 1399 2212 haec
1418 2194 1462 2212 ea:-

183 2222 255 2248 hibet
274 2222 304 2248 1
329 2232 397 2248 Arno
416 2222 462 2248 hic
481 2230 531 2256 pro
551 2225 681 2255 corrupto
701 2222 835 2254 sanguim·
849 2223 858 2254 ss
877 2221 944 2247 item
965 2243 971 2248 .
992 2243 997 2248 .
1044 2221 1161 2255 liquitur
1179 2230 1229 2248 om.
1250 2222 1279 2248 F
1291 2223 1300 2255 ss
1319 2225 1353 2247 26
1373 2223 1402 2247 et
1420 2223 1463 2247 est

239 2257 334 2284 .dicis
353 2266 403 2284 om.
423 2257 453 2283 F
469 2259 478 2291 Η
497 2260 531 2284 28
551 2258 626 2283 dices
646 2257 671 2282 L·
689 2257 698 2291 ΙΙ
717 2260 750 2282 30
770 2257 848 2290 gelth
866 2265 916 2283 om.
937 2257 966 2282 F
982 2258 991 2290 ss
1011 2243 1112 2292 frigus]
1131 2259 1281 2284 tremorem
1301 2257 1388 2290 frigus
1407 2258 1461 2282 tre-

184 2310 289 2328 morem
310 2302 338 2327 Ε
357 2303 397 2334 (ai
414 2302 502 2336 frigus
520 2309 652 2335 superwscr
673 2303 695 2332 e)
715 2302 724 2335 ΙΙ
743 2310 856 2327 onrmvs
876 2311 953 2327 conii
974 2302 1002 2327 et
1020 2301 1135 2335 reliqua
1155 2301 1231 2328 fisice
1252 2301 1281 2327 Ι
1293 2302 1302 2335 ss
1320 2304 1353 2327 31
1374 2301 1462 2334 quui-

184 2339 230 2363 tur
248 2338 364 2364 Daniel.
384 2337 410 2363 lo
427 2338 455 2363 F
467 2339 476 2371 ΙΙ
490 2339 520 2364 et
537 2338 628 2372 pallor
646 2337 762 2362 Daniel:
786 2345 818 2363 ex
838 2336 930 2371 pollor
948 2337 978 2363 F
989 2338 998 2371 ΙΙ
1012 2337 1136 2364 nascitur
1154 2337 1198 2364 uri
1217 2337 1246 2363 F
1272 2337 1315 2363 uri
1334 2345 1383 2363 om.
1405 2337 1462 2363 Da-

184 2374 247 2406 niel,
267 2373 308 2399 ori
327 2373 459 2408 Hayenus
473 2374 482 2407 ΙΙ
496 2376 529 2399 32
545 2373 665 2400 contrait
683 2372 713 2399 F

1486 712 1518 735 10

1485 980 1517 1003 15

1483 1249 1518 1272 20

1483 1517 1517 1540 25

1483 1784 1517 1808 30
