1630 2684
398 171 512 198 COMM.
532 171 571 198 IN
590 170 699 198 VERG.
719 171 803 198 AEN.
824 173 843 199 I.
864 176 1012 201 479—484.
1279 175 1342 207 153

149 253 232 286 481:
261 261 486 286 SVPPLICITER
509 261 652 284 TRISTES
677 255 714 285 ut
737 253 829 285 decet
851 257 1014 296 rogantes,
1059 258 1090 288 ct
1114 257 1195 289 bene
1220 257 1343 289 addidit

59 306 285 349 ‘suppliciter',
309 306 386 348 quia
409 308 442 338 et
460 317 518 348 per
541 306 756 349 iracundiam,
781 309 814 339 et
832 319 890 349 per
908 309 1119 355 gravitatem,
1144 312 1176 342 et
1194 322 1252 352 per
1270 311 1343 343 reli-

59 360 202 403 gionem,
231 362 264 392 et
290 371 348 402 per
376 359 521 392 dolorem
548 360 661 391 tristes
687 371 807 392 sumus.
899 374 1086 395 SVPI'LICITER
1107 366 1235 404 mss-mes]
1260 364 1343 397 *hoe

58 416 104 446 est
124 416 264 456 royantes
287 424 356 445 cam
379 413 547 446 tristitia*
624 422 761 446 TVNSAE
781 422 941 455 PEcTouA
966 417 1002 447 ut
1027 417 1158 448 oculos
1183 418 1343 450 suffusa.

148 467 223 499 482.
259 475 393 499 AVERSA
424 467 509 499 irata
536 467 698 508 siqnificat.
744 478 802 499 nec
831 468 917 500 enim
945 470 1074 510 poterat
1097 472 1284 503 convertere
1310 483 1343 503 sc

58 508 277 553 simulacrum.
315 520 362 552 sic
381 520 460 552 alibi
480 521 578 552 talia
597 521 792 553 dicentem
812 521 1032 554 iamdudum
1053 535 1189 555 aversa
1212 525 1344 556 tuetur

1 569 9 583 ¹
56 574 86 606 si
113 576 226 613 tuetur,
255 574 416 616 quomodo
447 585 575 616 aversa,
603 574 667 606 nisi
699 575 816 607 irata-m
840 575 1038 618 intellegas?
1070 587 1139 618 erqo
1167 588 1275 610 aversa
1302 579 1346 610 acl

58 628 201 659 animum
223 628 364 668 refertur.
1050 628 1065 645 ⁴*

146 681 221 714 483.
260 694 314 714 ren
336 694 443 714 emovit
465 683 590 721 amcos]
613 682 667 714 hoc
690 683 733 714 ad
746 682 884 715 Aeneam
902 683 1095 723 referendum
1119 688 1174 724 est,
1197 686 1251 726 qui
1273 686 1343 717 seie-

57 734 117 768 bat.
201 744 275 767 ‘TER
299 743 431 767 CIRCVM
456 744 593 767 1L1Acos
623 736 708 777 apud
732 739 880 768 auctores
905 737 1010 769 multa
1038 738 1078 769 ad
1107 749 1251 780 sensum,
1278 750 1343 771 non

58 788 98 821 ad
122 790 290 830 aspectum
313 791 450 830 possunt
473 789 595 821 referri.
644 789 742 821 tertio
772 789 858 821 enim
886 792 1027 822 tractum
1056 791 1248 833 intellegere
1272 803 1344 833 pos-

57 853 184 884 sumus,
221 854 288 874 non
320 843 354 874 in
385 844 513 884 pictura
545 843 741 884 conspicere.
794 843 876 875 unde
910 846 959 875 est
993 846 1025 876 et
1057 844 1138 876 illud
1176 845 1343 877 mulcere

56 895 233 928 alternos
266 898 304 928 et
338 907 504 938 corpora
541 896 694 938 fingere
731 897 876 938 lingua.
927 900 984 929 aut
1014 900 1090 929 certe
1123 899 1182 930 tale
1211 901 1278 930 erat
1309 899 1344 930 in

49 950 177 990 pictura
199 960 321 991 corpus,
344 953 380 982 ut
401 951 436 982 in
459 961 492 982 eo
515 953 679 991 appareret
699 951 868 991 frequentis
889 952 1077 991 raptationis
1100 952 1229 984 iniuria.
1270 963 1345 984 sanc

55 1002 149 1035 huius
171 1004 218 1035 rei
240 1004 314 1036 ordo
339 1004 411 1036 talis
433 1006 484 1035 cst.
525 1003 688 1037 Patroclus
712 1014 780 1035 cum
804 1004 921 1035 iratum
945 1004 1098 1037 Achillem
1115 1007 1243 1046 propter
1266 1005 1342 1037 Bri-

55 1057 166 1089 seidem
198 1057 354 1089 sublatam
380 1060 416 1089 ut
442 1058 604 1089 adversum
634 1057 786 1089 Troianos
813 1060 970 1098 puynaret
995 1069 1121 1090 emorare
1148 1069 1210 1090 non
1232 1062 1344 1100 posset,

49 1110 130 1151 petit
154 1110 194 1142 ab
221 1121 253 1142 eo
281 1121 373 1142 arma
400 1121 478 1151 quae
505 1110 595 1142 Peleo
629 1110 787 1142 Vulcanus
812 1111 927 1150 fecerat
934 1121 944 1149 ,·
978 1111 1088 1151 quibus
1116 1112 1242 1144 indutus
1269 1113 1344 1144 (lum

58 1163 194 1196 Achilles
217 1165 398 1203 crederetur,
420 1164 538 1205 fuyatis
559 1164 706 1196 Troianis
729 1164 871 1196 omnibus
893 1165 987 1196 etiam
1008 1165 1160 1205 plurimos
1182 1166 1343 1206 interemit,

57 1218 121 1258 ipse
142 1228 212 1250 vero
235 1218 274 1250 ab
296 1218 427 1250 Hectore
450 1218 564 1250 occisus
586 1220 637 1250 est.
682 1228 741 1258 quo
763 1218 866 1250 dolore
888 1218 1024 1250 Achilles
1052 1219 1231 1260 conpulsus,
1259 1220 1345 1260 inpe-

57 1272 148 1304 tratis
164 1282 224 1313 per
246 1274 376 1304 matrem
399 1283 420 1304 a
445 1272 582 1304 Vulcano
600 1272 713 1312 armis,
736 1272 899 1303 Hectorem
916 1272 1035 1312 proelio
1058 1275 1237 1312 superatum
1256 1284 1343 1313 pere-

54 1325 124 1367 mit,
147 1325 270 1366 eiusque
292 1336 401 1366 corpas
424 1326 468 1358 ad
488 1336 614 1357 currum
637 1325 801 1366 reliyatum
819 1326 902 1357 cirea
924 1336 1029 1358 muros
1047 1326 1108 1358 Ilii
1131 1327 1243 1368 traxit,
1264 1328 1346 1367 quod

50 1382 122 1421 post
144 1379 291 1420 placatus
318 1390 395 1412 auro
426 1389 587 1421 repensum
609 1378 740 1411 Priamo
768 1380 908 1411 reddidit.
1000 1388 1233 1412 RAPTAVERAT
1262 1380 1343 1412 bene

54 1433 161 1466 forma
182 1444 261 1465 usus
286 1434 335 1465 est
354 1432 607 1475 frequentativa,
630 1443 688 1474 per
708 1443 805 1474 quam
825 1433 968 1466 ostendit
989 1433 1074 1475 quod
1097 1444 1155 1475 per
1173 1445 1343 1466 numerum

42 1486 190 1519 dixerat.

82 1531 89 1536 '
143 1540 219 1573 484.
255 1549 445 1572 EXANIMVM
469 1541 637 1573 exanimus
658 1542 690 1572 et
710 1540 868 1572 exanimis
888 1540 1038 1581 dicimus,
1062 1541 1146 1573 sicut
1170 1541 1342 1573 unanimus

55 1596 89 1627 et
115 1594 292 1638 unanimis,
321 1594 463 1626 inermus
488 1597 521 1626 et
544 1594 686 1626 inermis.
733 1604 809 1636 ergo
834 1605 893 1635 pro
917 1596 1030 1626 nostro
1056 1594 1191 1627 arbitrio
1217 1597 1273 1626 aut
1296 1605 1342 1626 se-

58 1648 180 1680 cundae
205 1649 299 1680 erunt
321 1648 564 1690 declinationis,
596 1650 652 1680 aut
676 1648 805 1689 tertiae3
831 1648 887 1680 sed
912 1659 931 1679 a
954 1648 1052 1680 tertia
1077 1648 1256 1680 ablativum
1281 1648 1343 1679 sin-

56 1702 204 1743 gularem
222 1701 257 1733 in
276 1702 287 1733 i
306 1702 458 1744 mittunt,
483 1702 559 1744 quia.
578 1701 759 1733 communis
779 1703 856 1733 sunt
877 1701 1015 1743 generis.
1053 1701 1208 1733 exanimis
1233 1703 1343 1733 autem

128 1792 145 1816 4
164 1789 270 1824 oculos]
290 1790 323 1816 A.
342 1789 355 1816 Ι
374 1791 479 1825 228116
499 1789 580 1824 talia]
602 1790 633 1816 A.
654 1789 692 1815 IV
707 1792 758 1815 362
773 1790 782 1823 ΙΙ
798 1792 830 1815 12
850 1789 984 1824 mulcere]
1004 1790 1037 1815 A.
1057 1789 1121 1815 VIlI
1137 1790 1259 1823 6341125
1280 1797 1342 1815 exa-

54 1825 146 1852 nimus
166 1846 172 1852 .
193 1848 199 1854 .
220 1847 226 1852 .
244 1825 358 1861 tertiae]
387 1834 472 1853 exsor.
493 1825 557 1853 Isid.
578 1825 646 1859 orig.
667 1825 692 1850 X
712 1828 746 1851 90
760 1826 769 1859 ΙΙ
784 1827 816 1850 28
837 1824 973 1851 exanimis
993 1826 1086 1850 autem
1108 1845 1113 1850 .
1135 1845 1140 1851 .
1162 1845 1167 1851 .
1188 1825 1286 1859 muris]
1307 1825 1341 1851 cf.

55 1861 124 1887 Don.
145 1861 180 1887 ad
201 1861 261 1888 Ter.
283 1861 399 1895 Andr.'I
417 1864 448 1896 4,
469 1865 484 1888 7
504 1862 533 1888 et
551 1861 611 1887 hec.
633 1861 670 1886 111
691 1864 719 1894 3,
739 1863 764 1887 4.
798 1860 859 1886 Isid.
881 1860 950 1894 orig.
970 1860 995 1886 X
1015 1863 1048 1886 90
1069 1861 1097 1886 et
1116 1859 1173 1887 diff.
1194 1860 1269 1887 verb.
1289 1857 1341 1887 '19ss

129 1944 143 1968 1
164 1942 201 1968 ad
219 1950 243 1968 v.
259 1944 310 1968 481
332 1941 502 1976 Suppliciter
522 1963 528 1969 .
549 1941 659 1967 Tunsae
679 1941 805 1975 pectora]
827 1941 858 1967 ut
879 1941 984 1967 ‘oculos
1004 1940 1128 1967 suffusa'.
1149 1940 1198 1975 Ρ-ΙΙ
1212 1941 1342 1974 rogantes

0 1986 11 2012 ,χ
55 1977 110 2004 hoc
129 1978 170 2004 est
188 1978 321 2012 rogantes
341 1986 403 2004 cum
428 1978 522 2005 tristia
542 1977 566 2004 0
582 1978 591 2011 11
615 1980 630 2003 2
650 1985 700 2011 per
720 1979 783 2002 ante
802 1976 970 2010 gravitatem
990 1979 1014 2002 et
1032 1976 1197 2010 religionem
1216 1983 1265 2002 om.
1286 1976 1319 2002 H
1334 1976 1343 2009 j!

0 2013 12 2037 {⁶
56 2015 72 2039 5
92 2013 129 2039 ad
146 2022 170 2039 v.
191 2016 242 2039 482
262 2013 381 2048 Auersa]
401 2013 476 2040 irata
495 2013 642 2047 significat.
682 2011 750 2038 alibi
768 2012 840 2038 talia
859 2011 998 2038 dicentem
1018 2033 1024 2039 .
1045 2033 1050 2038 .
1072 2033 1078 2039 .
1097 2011 1265 2046 intellegas?
1292 2019 1342 2038 nec

0 2046 13 2081 ζ
55 2049 111 2081 (ne)
129 2049 182 2076 hoc
197 2048 283 2076 etiam
299 2048 478 2076 simulacrum
493 2050 604 2083 poterat
619 2056 646 2074 se
662 2048 796 2074 auertere.
826 2056 892 2081 ergo
907 2055 1007 2074 auersa
1022 2047 1057 2074 ad
1072 2047 1196 2073 animum
1215 2046 1342 2074 refertur.

0 2091 10 2105 ῑ·
58 2083 86 2109 Ρ
97 2084 107 2118 Β
119 2083 200 2111 irata.
228 2084 365 2111 Homerus
385 2085 428 2118 (ΙΙ,
443 2085 482 2111 VI
497 2086 560 2118 311)
580 2082 716 2110 ἀνένευσε
738 2082 769 2109 δὲ
788 2080 899 2113 Παλλὰς
917 2080 1019 2117 Ἀθήνη
1035 2083 1064 2109 1)
1078 2083 1087 2116 ΙΙ
1101 2084 1262 2110 conuertere
1282 2091 1342 2109 sese

55 2119 129 2146 ΒΜ
153 2128 183 2146 se
201 2121 364 2147 conuertere
381 2120 404 2147 Ο
415 2122 424 2155 ΙΙ
440 2124 454 2147 7
475 2129 587 2153 auersas
607 2119 643 2146 ad
663 2119 686 2146 G
707 2119 716 2152 ΙΙ
741 2121 755 2144 9
775 2119 813 2145 ad
831 2127 856 2145 v.
876 2121 926 2145 483
947 2118 1001 2145 Ter
1020 2118 1137 2153 circum]
1157 2118 1214 2144 tale
1234 2119 1295 2144 erat
1313 2118 1341 2144 in

56 2154 165 2189 pictura
183 2163 282 2190 corpus
303 2177 308 2182 .
325 2178 330 2183 .
346 2177 352 2182 .
374 2157 485 2183 Priamo
505 2155 636 2182 reddidit.
670 2154 856 2189 Raptauerat]
876 2154 946 2181 bene
966 2163 1031 2181 usus
1052 2155 1094 2180 est
1113 2155 1227 2188 propter
1246 2162 1341 2179 nume-

55 2198 117 2217 rum
135 2191 308 2225 praedictum
328 2191 493 2226 (praedict-It)
515 2192 542 2218 1³
558 2193 567 2226 ΙΙ
591 2201 641 2218 rim
660 2200 756 2216 cmcvu
776 2199 877 2216 amcos
897 2190 949 2216 hoc
969 2190 1004 2216 ad
1023 2190 1147 2216 Aeneam
1166 2189 1341 2216 referendum

57 2226 100 2253 est
116 2226 164 2260 qui
183 2226 296 2254 sciebat.
325 2227 374 2254 sed
389 2228 465 2262 apud
479 2228 606 2254 auctores
626 2235 646 2253 e.
657 2235 680 2260 q.
692 2234 712 2252 s.
734 2225 757 2252 G
769 2227 778 2260 ΙΙ
793 2229 823 2252 11
844 2225 942 2260 tertio]
963 2227 1006 2252 ter
1019 2226 1047 2251 B
1060 2226 1070 2260 ss
1087 2229 1117 2251 12
1134 2226 1163 2251 et
1178 2225 1247 2251 illud
1264 2225 1327 2251 CM
1334 2235 1341 2250 .-

57 2269 107 2288 om.
120 2262 160 2295 B,
180 2262 250 2289 illud
263 2263 329 2289 LII
338 2264 348 2297 ΙΙ
371 2266 403 2290 14
423 2264 573 2297 appararet
589 2263 610 2289 C
622 2263 632 2297 ss
647 2265 680 2288 15
700 2261 788 2288 hordo
809 2262 851 2288 est
869 2261 934 2287 talis
952 2261 979 2287 P
991 2262 1000 2295 ΙΙ
1014 2261 1143 2294 paroclus
1160 2260 1183 2287 0
1200 2261 1277 2292 (corr.
1296 2260 1338 2291 0²)

57 2297 219 2330 patrochlus
241 2297 289 2332 Pu
302 2298 457 2325 breseidem
477 2299 501 2325 0
526 2298 673 2325 broseiden
694 2298 721 2323 P
734 2298 743 2331 ΙΙ
763 2300 795 2324 17
815 2297 892 2331 dum]
913 2296 985 2323 clam
1008 2297 1035 2322 P
1051 2298 1060 2330 ss
1080 2299 1113 2322 20
1133 2296 1240 2330 proelio
1260 2303 1339 2328 supe-

57 2332 148 2358 ratum
167 2341 216 2360 om.
238 2333 266 2359 P
282 2334 284 2365 ἦ
309 2337 342 2360 22
362 2334 522 2369 repensum]
543 2336 585 2361 ret
604 2342 721 2368 epensus
739 2333 766 2358 P
778 2334 787 2367 ΙΙ
806 2335 838 2359 23
859 2333 902 2359 est
920 2341 969 2359 om.
986 2332 1009 2359 C'
1026 2334 1035 2366 ΙΙ
1056 2335 1088 2358 25
1109 2332 1145 2358 act
1161 2340 1182 2357 v.
1199 2333 1250 2356 484
1270 2330 1339 2356 Exa-

58 2367 176 2408 nimum]
197 2369 332 2396 exanimis
347 2371 376 2396 et
395 2370 536 2397 exanimus
552 2369 684 2401 dicimus,
704 2368 776 2395 sicut
795 2368 942 2395 unanimus
958 2369 986 2394 et
1001 2367 1153 2400 unanimis,
1173 2366 1295 2392 inermus
1311 2367 1340 2392 et

20 2408 25 2416 ⁵
57 2402 177 2432 inermis.
210 2412 276 2439 ergo
295 2413 345 2440 pro
365 2405 405 2440 (in
423 2406 484 2440 pro)
504 2407 598 2433 nostro
619 2404 734 2432 arbitrio
755 2405 820 2431 sunt
837 2405 921 2439 prout
938 2403 1067 2431 uolumus
1087 2402 1143 2429 dici
1162 2401 1261 2436 (disci).
1278 2401 1306 2428 P

1363 477 1378 500 5

1365 745 1396 768 10

1365 1011 1396 1035 15

1363 1279 1396 1303 20

1363 1546 1397 1570 25
