1722 2670
531 156 643 183 COMM.
662 156 702 183 IN
721 156 829 184 VERG.
849 157 933 184 AEN.
953 159 999 185 ΠΙ.
1020 162 1132 187 :ll—41.
1402 160 1466 192 343

188 247 210 269 a
236 238 339 279 ιςιναᾱῑι
370 238 494 270 dictum.
605 246 743 270 GETIcls
775 238 930 271 Thraciis.
977 239 1080 287 Getae
1109 243 1217 273 autem
1247 242 1360 284 populi
1392 245 1467 275 sunt

187 290 327 333 Mysiae,
351 302 441 333 quae,
465 291 540 333 quia
563 292 631 323 lata
654 293 712 333 est,
736 292 856 324 multas
882 293 1025 325 continet
1049 297 1172 335 gentes.

276 345 328 377 36.
364 354 446 377 ΒΙΤΕ
471 353 726 377 SECVNDARENT
751 348 838 378 reete
862 357 1034 388 prosperos
1058 347 1209 380 facerent.
1284 358 1382 382 Vlsvs
1407 361 1464 392 pro

187 397 281 430 ‘visa'
305 399 422 440 posuit.
467 400 544 430 tunc
568 399 653 430 enim
677 399 855 431 masculino
879 400 1002 432 utimur
1025 411 1157 443 genere,
1186 413 1257 433 cum
1281 403 1319 434 de
1343 403 1395 435 his
1419 404 1464 435 lo-

187 452 328 494 quimur,
352 452 466 494 quibus
490 451 646 493 videmus,
670 454 706 484 ut
729 453 756 484 si
781 452 868 485 dicas
893 453 1067 486 ‘nubecula
1091 455 1185 487 obest
1208 455 1330 487 visibus
1355 456 1464 490 meis’:
1485 463 1500 486 5

187 505 216 538 si
243 507 351 537 autem
378 507 494 537 neutro
518 507 662 547 utamur,
691 516 729 537 ea
753 517 834 548 quae
858 506 1008 539 videntur
1032 508 1267 550 significamus,
1294 511 1330 541 ut
1354 509 1381 541 si
1404 510 1465 542 hoc

185 559 257 591 loco
285 559 406 591 diceret
433 558 510 591 ‘rite
541 560 755 592 secundarent
783 560 882 592 visa':
914 561 999 603 quod
1028 564 1160 603 propter
1183 564 1322 594 metrum
1345 574 1464 605 nequa-

186 623 284 654 quam
307 612 423 653 potuit.
461 612 583 644 similia
606 616 682 644 sunt
705 614 837 645 nuntius
862 617 894 646 et
917 615 1077 656 nuntium,
1102 615 1231 647 auditus
1256 618 1288 647 et
1309 616 1463 649 auditum.

272 674 459 697 LEVARENT
484 666 605 698 bonum
629 678 666 698 ac
689 667 759 699 leve
783 667 937 709 facerent,
959 669 994 700 id
1010 669 1106 700 estin
1125 669 1236 701 bonum
1255 673 1463 703 converterent.

273 719 326 751 38.
365 728 550 752 OBLVGTOR
575 720 680 752 acrius
704 721 862 753 nitentem
887 722 1039 753 ostendit.
1484 730 1516 753 10

272 773 325 804 39.
362 781 528 811 ELOQVAR
560 782 607 804 AN
641 782 769 806 SILEAM
805 775 1009 816 parenthesis
1044 775 1083 807 ad
1117 776 1308 808 miraculum
1341 778 1462 818 posita3

183 837 245 867 qua
275 827 520 867 maynitudz'nem
546 828 677 859 monstri
695 829 841 870 ostendit.
878 831 905 860 et
931 829 1002 860 bene
1023 830 1200 861 auditorem
1227 832 1376 862 attentum
1399 831 1464 862 vult

179 880 288 920 facere.
379 888 529 912 GEMITVS
553 889 799 913 LACRIMABILIS
828 884 938 923 potest
966 882 1052 914 enim
1077 894 1145 914 esse
1170 883 1270 915 etiam
1294 884 1462 925 irascentis

182 934 333 975 gemitus.
379 936 407 965 et
430 933 663 966 ‘lacrimabilis'
687 945 756 966 cum
780 936 925 977 lacrimis,
948 947 991 968 an
1014 937 1125 977 dianus
1149 937 1309 969 lacrimis?

270 988 322 1019 40.
361 1001 413 1020 mo
431 1000 563 1020 Ανυιννκ
586 1001 703 1020 ΤνΜνιο
725 999 763 1020 ex
781 989 842 1020 imo
862 990 986 1028 tumulo,
1011 992 1046 1021 ut
1064 990 1148 1031 lonye
1165 1001 1224 1022 vox
1242 1001 1311 1022 cam
1329 992 1461 1031 quodam
1483 999 1513 1022 15

180 1041 296 1081 desecta
319 1051 434 1073 sonans
456 1042 566 1073 auditu
589 1042 655 1082 ipso
678 1042 883 1074 miserabilior
905 1043 1065 1074 videretur.
1135 1052 1206 1075 vox
1224 1053 1460 1086 REDDI'rApro

182 1093 291 1126 ‘data'.
337 1095 483 1126 redditur
511 1095 596 1127 enim
626 1095 777 1136 quiequid
802 1095 841 1126 ad
864 1107 923 1128 nos
947 1107 1004 1137 per
1029 1097 1167 1128 alterum
1191 1098 1322 1129 transit:
1352 1109 1460 1140 quam—

181 1159 278 1190 quam
308 1148 362 1180 hic
392 1148 491 1180 etiam
520 1149 582 1180 hoc
612 1149 716 1190 possit
739 1149 903 1190 intellegi3
933 1160 1008 1181 nam
1033 1150 1073 1181 ad
1098 1162 1170 1182 eum
1194 1162 1255 1182 vox
1280 1152 1380 1183 missa
1402 1163 1460 1193 per

179 1202 341 1233 tumulum
365 1204 423 1234 est.

268 1256 321 1287 41.
358 1264 513 1288 LACERAS
542 1267 600 1297 per
628 1256 773 1287 membra
803 1256 943 1298 dissicis3
974 1267 1050 1288 nam
1080 1257 1223 1288 lacerare
1254 1259 1302 1289 est
1330 1259 1457 1300 saepius
1476 1267 1510 1291 20

180 1309 358 1350 vulnerare,
380 1311 417 1341 ut
441 1309 510 1350 <VI
533 1310 619 1350 495>
642 1309 813 1341 lacerum
837 1310 1048 1342 crudeliter
1072 1321 1138 1342 ora
1162 1311 1200 1342 de
1224 1310 1405 1352 Deiphobo.

179 1375 271 1394 maon
292 1363 327 1394 id
347 1365 391 1394 est
407 1373 502 1403 parce
524 1363 610 1401 mihi,
629 1374 724 1403 parce
746 1363 808 1394 tibi.
845 1364 891 1395 vel
915 1363 1045 1403 ‘sepulto
1063 1363 1184 1404 parce'y
1208 1366 1258 1396 cai
1280 1366 1346 1396 vivo
1369 1377 1457 1398 nemo

174 1416 336 1456 perpercit.
405 1425 561 1448 SEPVLTO
586 1417 681 1448 modo
700 1419 820 1448 mortuo
838 1417 883 1448 vel
901 1417 1019 1448 iacenti
1039 1417 1210 1459 significat,
1234 1421 1270 1449 ut
1289 1418 1355 1459 <IX
1374 1420 1457 1461 189>

179 1479 310 1501 somno
339 1469 504 1511 vinoque
536 1470 681 1511 sepulti
710 1470 788 1502 item
818 1469 886 1510 <VI
909 1470 996 1512 424>
1024 1473 1187 1513 occupat
1216 1471 1364 1504 Aeneas
1395 1474 1456 1505 ad-

179 1523 275 1554 itum
304 1523 464 1555 custode
489 1523 657 1565 sepult03
687 1535 763 1555 nam
787 1524 934 1565 sepultus
959 1526 1008 1555 est
1032 1525 1125 1566 quasi
1150 1525 1218 1557 sine
1242 1526 1347 1567 pulsu.
1392 1538 1456 1559 non
1476 1535 1510 1557 25

180 1577 266 1608 enim
289 1576 375 1608 huno
399 1577 562 1618 sepultum
587 1588 758 1618 possumus
782 1577 896 1618 dicere,
921 1588 992 1609 cum
1013 1578 1179 1619 sepultura
1198 1590 1261 1611 non
1281 1580 1325 1611 sit
1343 1580 1376 1611 in
1396 1581 1457 1612 hoc

178 1630 239 1662 rite
263 1629 359 1671 facta,
383 1630 439 1661 sed
463 1630 599 1662 fortuita
624 1631 667 1662 sit
690 1631 824 1663 obrutus
849 1632 943 1662 terra.

11 76 35 106 23

0 364 11 408 ἕ

251 1712 280 1735 11
302 1709 477 1743 parenthesis
498 1730 503 1735 .
524 1730 529 1735 .
550 1731 555 1735 .
577 1709 681 1744 posita]
702 1709 736 1735 cf.
757 1710 825 1736 Don.
847 1710 882 1736 ad
903 1710 964 1737 Ter.
984 1710 1043 1737 hec.
1063 1711 1141 1743 1113,
1157 1712 1243 1745 61120
1263 1721 1312 1746 per
1330 1713 1456 1739 membra.

177 1744 298 1779 dissicis}
324 1744 357 1771 cf.
388 1744 462 1771 Suet.
487 1745 561 1771 verb.
588 1745 645 1771 diff.
670 1754 697 1779 p.
718 1748 769 1772 277
793 1745 954 1773 Reiffersch.
983 1747 992 1779 ΙΙ
1019 1749 1052 1772 25
1072 1755 1137 1772 nam
1162 1769 1167 1774 .
1189 1768 1194 1773 .
1215 1769 1220 1774 .
1246 1748 1341 1782 pulsu]
1368 1757 1453 1775 exscr.

176 1779 241 1807 Isid.
261 1781 330 1815 orig.
353 1780 378 1806 X
398 1784 448 1807 262
469 1782 498 1807 et
516 1780 554 1806 Xi
573 1785 597 1814 2,
617 1784 649 1807 57

248 1854 263 1877 2
283 1852 423 1878 moaesiae
444 1852 478 1878 F.
506 1852 540 1885 cf.
561 1851 634 1878 Serv.
660 1853 697 1878 ad
716 1853 784 1878 Aen.
805 1853 853 1878 VH
875 1855 926 1878 (304
949 1853 958 1886 ΙΙ
981 1855 996 1878 5
1021 1853 1145 1879 dicamus
1165 1853 1198 1879 H
1217 1854 1226 1887 ss
1248 1854 1381 1881 nubicula
1400 1855 1430 1881 F
1446 1855 1455 1890 ΙΙ

178 1891 194 1914 8
213 1887 318 1913 similia
337 1909 343 1914 .
360 1909 365 1914 ,
382 1908 388 1913 .
408 1887 534 1913 auditum
553 1896 603 1914 om.
618 1887 648 1913 F
660 1889 669 1921 ΙΙ
686 1891 715 1913 11
736 1889 850 1920 fortasse
869 1888 999 1921 adposita
1012 1889 1021 1922 ΙΙ
1038 1892 1068 1914 12
1089 1888 1236 1915 adtentum
1251 1889 1280 1915 F
1292 1891 1301 1923 ΙΙ
1317 1893 1348 1916 13
1368 1890 1455 1917 etiam

176 1931 225 1949 om.
247 1923 284 1948 M
309 1924 319 1957 ΙΙ
349 1927 379 1949 16
402 1926 465 1956 post
491 1923 632 1949 videretur
656 1932 724 1957 quac
751 1924 830 1957 vulyo
855 1924 998 1950 adduntur
1021 1934 1139 1950 nvom-vn
1162 1926 1242 1951 vetus
1262 1926 1349 1952 codex
1367 1926 1455 1953 habet

176 1958 290 1985 auditus
314 1959 418 1985 Daniel
446 1959 509 1985 imle
537 1960 698 1992 composuit,
727 1960 798 1992 quod
825 1960 856 1985 in
875 1959 905 1985 F
926 1968 986 1985 cum
1009 1960 1041 1986 iri
1064 1963 1190 1986 contextu
1215 1961 1326 1987 auditur
1349 1962 1455 1995 leqatur

177 1994 268 2020 eadem
286 2002 385 2020 niurias
404 1994 514 2020 auditus
533 1995 564 2020 in
583 1995 706 2028 maryirze
724 1995 841 2028 srripsit.
857 1996 866 2027 ss
882 1998 913 2021 19
934 1995 988 2030 est]
1008 1995 1080 2021 unde
1100 1997 1128 2021 et
1147 1996 1267 2029 epistola
1285 1996 1395 2024 reddita
1413 1997 1454 2024 di-

177 2029 249 2056 eitur
267 2038 338 2063 quae
357 2038 407 2063 per
425 2030 553 2056 nuntium
573 2039 590 2056 a
608 2030 737 2056 mittente
756 2030 885 2064 pervenit
903 2030 938 2056 ad
957 2039 1007 2057 nos
1022 2031 1191 2065 accipientes
1206 2033 1268 2058 add.
1284 2031 1314 2058 D
1327 2034 1336 2066 ΙΙ
1350 2036 1384 2059 20
1399 2032 1454 2060 dis-

176 2064 264 2090 cindis
282 2065 356 2091 Lion
369 2066 379 2100 [Ι
394 2069 425 2092 21
446 2067 477 2091 ut
497 2086 501 2091 .
523 2086 528 2091 .
550 2086 554 2091 .
577 2066 724 2099 Deiphobo
743 2074 792 2092 om.
814 2066 843 2092 F
855 2067 864 2099 ΙΙ
878 2066 947 2092 hora
966 2066 997 2091 H
1009 2068 1018 2099 ΙΙ
1033 2066 1066 2092 de
1086 2067 1226 2100 deiphobo
1243 2068 1292 2094 M.-
1311 2068 1336 2094 d.
1352 2068 1378 2094 L
1397 2068 1453 2095 dei-

177 2100 271 2134 phobo
290 2100 324 2126 Η
339 2101 477 2135 deiphobe
498 2101 527 2126 Ε
545 2101 710 2135 (deiphocbe
731 2103 753 2134 e)
773 2101 949 2135 Deiphobum
969 2102 1027 2128 vidi
1046 2103 1126 2136 vulyo
1139 2104 1148 2136 ΙΙ
1163 2105 1196 2128 22
1216 2112 1298 2137 parce
1318 2125 1324 2130 .
1340 2124 1346 2130 .
1363 2125 1368 2130 .
1386 2104 1452 2139 tibi]

176 2136 283 2162 videtur
305 2137 459 2163 scholiastes
486 2137 642 2171 siqnificare
670 2138 783 2163 voluisse
807 2137 844 2163 ad
865 2137 1032 2171 Polydorum
1054 2139 1134 2170 prius
1158 2147 1254 2172 parce,
1278 2140 1393 2166 alterum
1417 2141 1454 2166 ad

175 2171 294 2197 Aeneam
313 2175 433 2205 spectare
451 2173 460 2206 ΙΙ
475 2176 507 2198 23
528 2172 610 2199 modo
630 2181 679 2199 om.
702 2173 735 2198 M
754 2174 763 2206 ss
782 2172 884 2206 sopulti
902 2173 928 2198 L
951 2172 1065 2205 (iacenti
1084 2174 1104 2205 l)
1122 2175 1131 2207 ΙΙ
1149 2175 1181 2200 ut
1200 2196 1205 2201 .
1227 2195 1232 2200 .
1253 2196 1258 2201 .
1279 2175 1393 2201 custode
1413 2183 1453 2202 se-

175 2206 254 2240 pulto
273 2215 324 2234 om.
345 2207 376 2233 F
386 2209 396 2241 ΙΙ
409 2211 444 2234 24
459 2208 562 2242 sepulti
584 2209 619 2234 M
624 2219 632 2233 .·
651 2217 671 2234 s.
691 2208 716 2234 L
742 2208 852 2242 sepulto
872 2208 902 2234 H
919 2208 1003 2235 soluti
1022 2209 1155 2243 Vergilias
1168 2210 1178 2243 ΙΙ
1191 2209 1259 2236 item
1342 2211 1452 2243 sepulto

177 2250 226 2268 om.
246 2242 280 2268 H
299 2243 308 2275 ΙΙ
332 2246 365 2269 26
385 2251 447 2270 cum
468 2265 473 2271 .
494 2264 499 2269 .
522 2265 527 2270 .
547 2243 634 2278 terra]
659 2244 736 2270 cuius
760 2244 904 2277 sepultura
922 2253 978 2270 non
998 2244 1035 2270 sit
1052 2245 1105 2271 rite
1126 2245 1250 2279 perfecta
1270 2246 1317 2272 sed
1337 2246 1452 2272 fortuita

177 2278 219 2303 est
237 2277 353 2304 obratur
371 2279 446 2305 terra
465 2279 495 2305 F
507 2280 516 2313 ΙΙ
530 2283 563 2306 27
584 2279 701 2306 fortuitu
717 2279 801 2305 ME!
815 2280 824 2313 ΙΙ
842 2279 928 2314 terra]
950 2289 997 2305 mna
1015 2289 1097 2307 muci-2
1117 2290 1231 2307 servm-0
1250 2281 1390 2314 quomodo
1410 2290 1451 2307 se-

176 2312 256 2346 pulto
284 2322 340 2340 non
368 2314 413 2340 hic
437 2315 573 2341 confixum
598 2315 688 2341 ferrea
711 2315 788 2341 texit.
828 2315 876 2341 scd
901 2315 923 2341 si
947 2316 1000 2341 hoc
1023 2316 1198 2342 instauretur.
1236 2316 1317 2342 funus
1341 2318 1450 2343 mortuo

177 2347 302 2376 solvitur.
334 2349 373 2376 sic
401 2350 518 2384 sepulto.
552 2352 701 2386 prostrato.
735 2353 766 2377 ut
791 2359 888 2379 somno
914 2351 1034 2386 vinoque
1061 2352 1164 2387 sepulti
1188 2352 1274 2379 Lione
1300 2355 1362 2379 teste
1387 2353 1449 2379 add.

175 2383 310 2418 Guelferb.
331 2385 352 2412 I
