1630 2684
462 150 574 178 COMM.
595 150 634 177 IN
653 149 761 177 VERG.
780 150 863 176 AEN.
883 151 904 177 Ι.
925 154 1001 177 666—
1014 155 1073 178 681.
1347 150 1409 181 193

127 234 260 264 statutae
282 243 331 264 res
352 234 437 273 sunt,
467 232 502 263 in
525 232 650 263 cardine
677 242 738 263 esse
767 233 925 270 (licuntur,
956 235 984 263 et
1014 232 1248 264 translationem
1278 232 1361 264 verbi
1391 242 1411 262 a

128 285 228 317 ianua
252 288 381 317 tractam
403 285 520 325 volunt,
545 295 623 325 quae
645 287 729 316 motu
747 285 886 316 cardinis
908 284 965 316 liae
984 287 1074 325 atque
1092 285 1165 317 illac
1183 285 1291 325 inpelli
1303 288 1412 326 potest.

218 339 291 371 673.
329 346 502 377 QvoclRC'A
526 340 729 379 quapropter.
820 346 980 370 Mnmron
1005 341 1114 370 mente
1138 340 1308 379 pertracto.

218 393 292 425 674.
329 401 373 424 NE
394 400 464 430 Qvo
485 400 524 423 SE
548 401 684 423 NVMINE
709 401 830 424 MVTET
851 391 948 434 ‘quo’
969 392 1020 423 vel
1040 394 1143 433 vacat,
1162 393 1214 424 vel
1233 403 1413 433 pronomen

130 448 188 478 est.
241 448 275 478 et
306 446 386 478 bene
420 446 596 487 supprimit
628 457 746 478 nomen
779 446 926 487 Iunonis,
959 456 999 477 ne
1032 446 1099 477 eius
1133 445 1295 487 frequenti
1330 457 1412 477 com-

130 499 363 531 memoratione
388 498 579 540 Cupidinem
603 501 738 540 terreat3
767 500 873 541 magis
903 499 988 531 enim
1012 500 1084 531 vult
1113 510 1185 531 eum
1214 499 1413 540 intellegere,

129 563 224 594 quam
248 552 361 584 audire
383 552 553 584 Iunonem.
599 555 656 584 aut
680 555 765 585 certe
790 553 980 585 adverbium
1013 555 1074 594 est,
1098 554 1134 585 ut
1163 553 1219 594 sit,
1247 552 1348 584 timeo
1372 563 1413 583 ne

128 616 162 637 se
185 606 317 638 numine
341 606 425 637 Dido
450 606 593 648 aliquam
617 608 797 639 commutet
819 607 854 638 in
877 608 1015 648 partem.

216 659 290 691 675.
327 668 448 691 MECVM
479 660 512 691 id
540 663 589 692 est
621 671 694 692 cum
725 660 831 692 officio
854 659 1009 701 Venerio,
1040 671 1098 692 nec
1126 661 1236 701 potest
1264 660 1413 701 intellegi

128 711 414 754 ‘quemadmodum
444 712 534 754 ego’3
566 713 662 745 aliter
689 714 771 745 enim
799 725 818 745 a
846 715 951 745 matre
979 713 1108 745 Aeneas
1143 715 1285 755 amatur,
1318 714 1413 745 aliter

127 776 147 797 a
169 765 306 798 Didone.
397 779 501 799 iza-nt
516 777 575 807 per
598 777 679 799 meos
701 777 833 806 amores,
857 768 892 799 id
912 770 957 799 est
978 778 1025 799 me
1048 768 1209 799 adnitente.

216 820 290 851 676.
328 829 398 858 QVA
424 820 456 851 id
488 821 539 852 est
568 820 740 862 quomodo.
830 829 954 853 ACCIPE
986 821 1073 862 audi,
1104 823 1140 852 nt
1167 821 1290 860 accipe
1317 831 1412 852 nnnc

127 872 301 904 Danaum
333 874 511 912 insidias,
545 876 581 905 ut
615 875 727 906 contra
761 873 833 905 ‘da'
867 874 932 916 dic3
966 876 1003 906 ut
1039 874 1098 916 da,
1129 885 1203 905 non
1237 874 1414 906 indebita

127 920 244 967 posco
273 928 306 958 et
329 927 374 958 da
398 927 533 968 Tityre
558 927 681 960 nobis.
771 936 919 959 ΜΕΝΤΕΜ
947 927 1209 968 dispositionem,
1233 928 1413 960 consilium.

216 981 290 1013 677.
327 990 455 1012 Accl'rv
481 981 677 1013 evocatione.
725 983 757 1012 et
782 983 832 1012 est
855 983 989 1023 quartae
1014 980 1249 1013 declinationis.

216 1034 290 1066 678.
329 1044 447 1066 VRBEM
477 1043 646 1066 SIDONIAM
677 1046 774 1076 quam
807 1037 918 1066 tenent
947 1034 1080 1066 Sidonii.
1176 1044 1249 1066 MEA
1277 1044 1414 1066 MAXIMA

128 1095 218 1118 CVRA
243 1090 276 1119 et
296 1088 422 1120 Aeneas
447 1099 525 1119 cura
544 1090 607 1129 est,
632 1088 687 1119 sed
707 1088 866 1120 Ascanius
887 1088 1045 1129 maxima,
1069 1088 1129 1119 cui
1153 1099 1313 1130 regnum
1336 1088 1413 1120 Ita-

127 1140 205 1172 liae
229 1140 476 1183 Romanaque
502 1141 623 1172 tellus
650 1141 852 1173 debentur:
882 1143 914 1172 et
942 1141 1060 1183 ubique
1085 1142 1244 1173 Ascanius
1274 1142 1415 1173 maxima

129 1204 205 1226 cura
237 1194 376 1226 Veneris
408 1194 641 1236 introducitur,
675 1198 711 1226 ut
743 1195 906 1227 Veneris
945 1195 1164 1227 iustissima
1197 1206 1301 1237 cura,
1335 1196 1414 1227 item

128 1246 228 1279 hunc
251 1250 385 1290 tegere
409 1250 446 1280 et
470 1248 578 1279 dirae
602 1248 750 1280 valeam
775 1248 989 1280 subducere
1012 1259 1172 1290 pugnae.

217 1302 291 1333 679.
329 1315 405 1334 οοΝΑ
428 1315 589 1335 RESTANTIA
613 1313 691 1342 quae
713 1303 902 1341 restiterunt,
925 1313 1003 1343 quae
1023 1302 1248 1343 superfuerunt.
1294 1305 1322 1334 et
1344 1305 1414 1334 ante

123 1354 252 1396 pelayus
269 1355 387 1395 posuit,
410 1365 479 1386 cnm
497 1358 570 1396 post
594 1355 708 1387 Troiae
730 1355 912 1387 eversionem
934 1356 1127 1396 naviyaverit
1149 1356 1278 1387 Aeneas.

216 1408 290 1440 680.
328 1417 479 1440 εΟΡΙΤνΜ
504 1417 622 1440 SOMNO
647 1419 747 1439 unum
775 1408 904 1450 quidem
935 1411 984 1440 est
1009 1419 1106 1449 sopor
1129 1410 1161 1440 et
1185 1420 1331 1449 somnus,
1361 1409 1415 1439 sed

127 1460 223 1492 modo
245 1461 411 1502 ‘sopitum'
432 1462 610 1504 inrigatum
630 1461 860 1503 intellegimus.
930 1474 1061 1493 ormena
1090 1463 1170 1494 sient
1186 1473 1283 1502 snpra
1301 1463 1416 1493 dietum

127 1516 171 1546 est
190 1525 297 1555 yenere
319 1517 426 1546 neutro
444 1515 627 1556 pluraliter,
650 1518 686 1546 ut
708 1515 784 1546 alibi
807 1517 895 1546 sunt
916 1515 996 1546 alta
1019 1514 1185 1555 Cythera.

218 1567 291 1599 681.
329 1577 481 1599 IDALIVM
516 1567 617 1609 Cypri
651 1579 763 1599 nemus
800 1569 862 1606 est,
888 1568 927 1602 jn
956 1579 1018 1609 quo
1048 1569 1202 1609 oppidum
1237 1569 1347 1606 breve,
1381 1570 1417 1599 ut

128 1621 226 1662 paulo
250 1623 326 1662 post
347 1621 449 1653 Idali
481 1632 497 1652 e
522 1621 642 1661 lucos,
668 1621 747 1653 item
770 1620 1015 1662 Idaliumque
1039 1632 1180 1653 nemus.
1259 1630 1416 1653 SACRATA

129 1683 217 1706 SEDE
240 1674 292 1706 vel
316 1675 431 1716 templi
457 1686 476 1706 v
498 1675 508 1705 l
534 1674 654 1716 oppidi.

202 1783 233 1807 12
258 1790 350 1806 ACCIPE
451 1780 508 1815 dic]
533 1780 567 1807 cf.
592 1781 662 1807 Don.
688 1781 723 1806 ad
748 1781 809 1806 Ter.
835 1789 895 1807 eun.
922 1781 959 1806 ΙΙΙ
982 1784 1010 1813 1,
1031 1783 1062 1806 11
1087 1781 1096 1814 Ι]
1119 1780 1228 1815 accipe]
1253 1781 1284 1806 A.
1306 1781 1329 1806 II
1355 1781 1415 1808 651¹

130 1819 162 1842 13
183 1816 220 1842 da.
238 1815 306 1850 non]
327 1816 358 1842 A.
380 1816 426 1842 Vl.
446 1820 479 1843 66
503 1818 513 1850 11
537 1820 569 1842 14
596 1816 645 1850 da]
670 1816 731 1842 buc.
752 1816 763 1841 l
785 1819 816 1842 18
840 1817 850 1849 ΙΙ
874 1820 905 1842 17
930 1816 986 1850 cui]
1008 1817 1039 1842 A.
1064 1816 1102 1843 IV
1126 1819 1177 1842 275
1201 1817 1210 1849 {J
1235 1820 1266 1842 19
1287 1816 1415 1851 Veneris]

129 1852 161 1878 A.
181 1852 206 1878 X
226 1854 276 1878 132
299 1852 309 1885 1}
332 1854 366 1877 20
391 1851 478 1886 hunc]
499 1853 530 1877 A.
556 1852 579 1877 X
599 1854 632 1877 50
655 1852 665 1885 ΙΙ
688 1855 721 1877 25
746 1852 822 1885 suut]
848 1852 879 1878 A.
906 1852 928 1877 X
954 1854 986 1877 86
1010 1852 1020 1885 ΙΙ
1042 1854 1075 1877 27
1100 1851 1219 1886 Idaliae]
1244 1852 1275 1877 A.
1300 1852 1311 1878 I
1337 1855 1387 1878 693
1408 1853 1416 1885 Η

129 1886 316 1922 Idaliumque]
332 1888 366 1913 A.
387 1888 411 1914 X
431 1890 464 1913 52
487 1887 665 1920 ‘Idaliaeque
686 1887 800 1913 domus'

201 1988 216 2011 3
241 1986 278 2011 acl
300 1993 324 2011 v.
347 1988 398 2011 673
424 1984 571 2018 Quocirca]
597 1985 768 2018 quapropter
793 2004 820 2010 ..
839 2005 843 2009 .
864 1984 1013 2017 pertracto.
1043 1984 1069 2009 P
1090 1985 1099 2018 ΙΙ
1122 1987 1138 2010 4
1162 1984 1198 2010 ad
1221 1993 1244 2011 v.
1266 1988 1317 2011 674
1342 1985 1415 2019 Quo]

131 2020 177 2047 nel
196 2022 280 2047 uacat
298 2021 344 2047 uel
363 2028 518 2054 pronomen
537 2020 587 2047 est.
618 2021 668 2046 aut
682 2020 756 2045 certe
776 2019 952 2052 adum-bium,
972 2020 1004 2045 ut
1019 2019 1055 2045 sit
1075 2040 1081 2045 .
1098 2042 1103 2046 .
1120 2042 1124 2046 .
1145 2021 1262 2053 partem.
1283 2021 1329 2054 Pu
1344 2024 1359 2047 9
1379 2021 1416 2046 acl

129 2064 154 2082 v.
170 2058 221 2082 675
240 2055 363 2090 Mecum]
384 2056 413 2082 id
433 2057 475 2082 est
494 2064 557 2082 cum
577 2055 670 2081 officio
685 2054 814 2087 Venerio,
834 2054 880 2080 uel
901 2054 1043 2080 ‘mecum'
1065 2064 1114 2089 per
1133 2064 1210 2082 moos
1229 2064 1351 2087 amores,
1371 2064 1415 2081 me

131 2091 282 2118 adnitente.
303 2091 331 2117 P
345 2092 354 2125 ΙΙ
379 2095 407 2117 11
434 2099 451 2117 a
470 2091 571 2117 didone
595 2099 704 2117 meeum
729 2099 795 2123 ergo
819 2098 869 2124 per
891 2098 968 2116 meos
993 2098 1101 2117 amares
1121 2093 1240 2123 (amores
1261 2091 1304 2123 0²)
1324 2091 1353 2117 id
1373 2093 1416 2117 est

132 2135 176 2152 me
196 2126 339 2153 adnitente
360 2126 384 2153 Ο
404 2128 413 2160 ΙΙ
438 2130 469 2153 12
490 2127 527 2153 ad
545 2135 568 2152 v.
590 2129 641 2153 676
662 2126 734 2160 Qua]
759 2125 788 2151 id
812 2126 856 2152 est
875 2125 1013 2158 quomodo
1033 2147 1038 2152 .
1060 2147 1065 2152 .
1087 2147 1092 2152 .
1113 2126 1157 2152 dic
1177 2127 1209 2152 ut
1229 2126 1282 2152 ‘da
1300 2136 1356 2153 nou
1375 2127 1415 2152 in-

131 2162 226 2188 debita
249 2162 356 2196 posco'.
386 2162 521 2196 Mentem]
542 2162 753 2195 dispositionem
773 2161 928 2187 consilium.
951 2161 999 2195 ΡΙΙ
1014 2170 1066 2190 QVA
1086 2171 1186 2188 mcum:
1207 2162 1230 2188 C
1241 2163 1250 2195 ΙΙ
1268 2166 1298 2188 13
1319 2162 1354 2188 da
1370 2162 1414 2188 dic

133 2196 167 2223 0.·
186 2197 230 2223 dic
245 2197 281 2224 da.
296 2197 358 2223 LH
369 2197 414 2224 dic
428 2197 458 2223 id
472 2198 516 2224 est
530 2197 566 2223 da
582 2198 631 2223 Ml
649 2198 659 2231 ss
672 2198 704 2223 ut
719 2205 768 2223 om.
785 2196 889 2222 LHM
901 2197 910 2230 ΙΙ
925 2196 961 2222 da
975 2197 1044 2231 non]
1060 2197 1104 2223 dic
1118 2206 1174 2223 non
1191 2198 1241 2223 Ml
1254 2198 1263 2231 ΙΙ
1281 2201 1311 2223 14
1331 2206 1414 2231 posco

132 2240 218 2266 regna
236 2232 306 2259 meis
324 2233 418 2260 facitis
439 2233 462 2259 0
483 2234 492 2267 ΙΙ
516 2234 544 2258 et
562 2233 598 2259 da
618 2233 713 2266 Tityre
738 2231 816 2258 nobis
839 2240 889 2258 om.
910 2232 934 2258 C
954 2232 963 2265 ΙΙ
988 2235 1019 2258 15
1045 2233 1081 2258 acl
1099 2241 1123 2259 υ.
1145 2236 1195 2259 677
1217 2233 1328 2267 Accitu]
1349 2241 1412 2258 euo-

133 2268 242 2294 catione
268 2289 273 2294 .
294 2289 299 2295 .
321 2289 326 2294 .
351 2268 556 2295 declinationis.
584 2268 611 2293 P
631 2269 641 2301 11
666 2271 697 2294 16
722 2268 759 2294 αιί
782 2275 805 2293 υ.
826 2270 877 2294 678
902 2267 1005 2294 Urbem
1030 2268 1185 2302 Sidoniam]
1211 2277 1293 2302 quam
1317 2269 1414 2293 tenent

133 2302 248 2329 Sidonii.
275 2303 303 2329 Ρ
323 2305 332 2337 ΙΙ
356 2307 388 2330 21
414 2305 451 2330 ad
474 2313 497 2330 r.
519 2307 569 2330 679
593 2304 674 2330 Dona
698 2302 843 2337 restantia]
867 2311 938 2336 quae
966 2303 1128 2330 restiterunt
1156 2304 1412 2336 super-fueruntque.

134 2338 161 2363 P
179 2338 188 2372 ΙΙ
210 2341 244 2364 ‘23
263 2339 301 2365 ad
318 2347 342 2366 v.
358 2342 410 2365 680
430 2339 558 2373 Sopitum
578 2339 687 2372 somno]
710 2347 793 2364 unum
814 2359 819 2364 .
837 2359 842 2364 .
860 2359 864 2364 .
886 2339 983 2364 neutro
1002 2339 1156 2372 pluraliter.
1179 2339 1206 2364 P
1220 2340 1229 2372 11
1248 2342 1282 2365 24
1302 2338 1412 2371 inroga-

133 2375 203 2399 tum.
225 2374 252 2399 P
270 2375 280 2407 u
303 2377 336 2400 26
357 2375 393 2400 ad
411 2383 435 2401 v.
456 2377 506 2401 681
527 2374 658 2409 Idalium]
678 2371 763 2408 Cypri
782 2382 878 2399 nemus
898 2374 942 2399 est
961 2394 965 2399 .
982 2394 988 2399 .
1005 2396 1010 2400 .
1030 2383 1134 2400 nemus.
1155 2375 1182 2400 1¹
1201 2375 1210 2408 ΙΙ
1233 2374 1276 2408 ut]
1297 2375 1325 2400 et
1344 2374 1367 2400 G

189 2422 261 2441 Servii
276 2428 355 2442 comm.
372 2424 420 2443 v01,
436 2424 455 2443 1.
472 2424 530 2442 Fasc
553 2424 571 2443 1.
1168 2421 1200 2444 13

1434 718 1466 740 10

1435 985 1466 1007 15

1433 1251 1467 1275 20

1433 1518 1466 1541 25
