1630 2684
484 137 596 165 COMM.
616 137 655 164 IN
675 136 781 164 VERG.
802 137 885 164 AEN.
906 138 939 165 ΙΙ.
960 141 1091 165 99-107.
1361 138 1426 169 235

236 220 306 252 103.
342 232 434 255 ιυρνε
450 231 563 251 avolat-2
582 231 638 251 sar
654 231 710 251 EST
729 229 777 250 me
795 218 931 250 Graium
954 229 1023 251 esse.
1115 228 1305 252 IAMDVDVM
1330 220 1426 252 modo

143 272 252 315 ‘quam
275 271 437 314 primum'.
514 284 625 304 snum
644 284 755 304 poenas
776 271 888 303 scilicet
910 274 946 303 ut
967 273 1044 304 satis
1066 272 1192 312 faciatis
1212 274 1350 314 Graecis,
1374 274 1428 314 qui

143 337 190 358 me
212 327 347 359 oderunt.
393 327 421 357 et
443 325 567 357 dicendo
590 327 717 356 mortem
744 335 834 356 suam
859 327 985 365 yratam
1013 335 1074 357 esse
1098 325 1239 367 Graecis,
1267 329 1295 358 et
1320 327 1427 359 Troia-

142 390 253 412 uorum
276 379 507 411 benivolentiam
531 378 686 419 conciliat,
709 381 738 410 et
759 381 794 410 ut
816 378 876 410 sibi
898 378 1018 418 reliqua
1041 379 1206 410 credantur
1230 382 1391 420 extorquet.

234 419 304 465 164.
342 441 412 464 noc
436 440 587 464 I'rHAcvs
607 440 713 463 vum?
739 440 783 463 ΕΤ
807 440 928 464 MAGNO
953 439 1167 463 MERCENTVR
1186 441 1340 464 ATRIDAE
1365 434 1426 465 cal-

144 486 208 519 lide
232 485 294 518 hoc
313 486 400 518 dieto
420 486 575 527 impetrat
595 485 710 526 vitam,
735 485 886 517 adserens
906 487 1045 517 mortem
1065 497 1157 517 suam
1176 486 1307 518 illorum
1326 486 1427 519 hosti-

142 539 202 571 bus
226 550 296 571 esse
319 539 523 581 placituram.
570 538 642 570 ideo
667 540 775 570 autem
799 539 878 571 dicit
903 538 1128 581 ‘mercentur’,
1159 539 1236 581 quia
1261 551 1427 572 sacrorum

141 594 205 635 est,
232 595 269 624 ut
298 592 426 634 fugiens
455 593 587 625 victima
615 592 808 634 ubicumque
837 591 969 624 inventa
999 589 1066 634 sit,‘
1085 592 1262 634 occidatur,
1289 604 1330 625 ne
1358 594 1428 635 pia-

92 682 97 688 ,
141 645 248 678 culum
281 646 512 678 committatur.
565 655 643 687 ergo
677 644 778 677 Sinon
811 645 867 687 qui
900 646 1034 677 victima
1072 645 1191 688 fuerat,
1227 647 1338 687 quippe
1374 649 1428 688 qui

136 702 263 741 propter
284 700 416 731 reditum
439 700 591 740 sacrificio
613 699 719 739 fuerat
741 699 924 740 destinatus,
947 709 1001 731 nec
1018 702 1146 739 possent
1163 699 1277 731 Graeci
1295 700 1358 732 nisi
1380 701 1427 732 vel

122 755 240 800 ¹empta
268 755 364 784 morte
391 753 520 784 Sinonis
547 753 590 784 ad
617 753 757 793 patriam
784 753 896 794 redire,
929 752 998 784 iure
1033 755 1065 784 et
1098 753 1183 784 votis
1217 755 1250 785 et
1282 754 1426 794 praemio

141 806 338 838 Graecorum
366 806 573 839 interimitur.
621 805 783 837 ‘Ithacus’
807 817 884 838 vero
909 817 968 847 pro
993 805 1217 848 ‘Ithacensis'‚
1247 807 1427 849 principale

141 871 199 902 pro
228 859 418 892 derivativo.
509 867 631 892 MAGNO
660 867 877 891 MERCENTVR
907 859 941 891 id
972 861 1022 891 est
1053 860 1173 901 pretio,
1203 861 1239 891 ut
1267 860 1317 901 <X
1341 861 1427 903 503>

141 912 272 945 Turno
296 914 447 954 tempus
468 913 543 945 erit
563 923 701 955 magno
722 924 802 945 cum
823 913 1022 955 optaverit
1046 915 1212 955 emptum
1238 914 1427 947 intactum

140 966 333 999 Pallanta.

232 1019 303 1052 105.
340 1029 506 1052 ARDEMvs
531 1029 668 1053 scrrARi
692 1021 882 1052 festinamus
907 1020 1079 1062 inquirere.
1127 1023 1155 1052 et
1177 1031 1250 1060 ecce,
1278 1032 1336 1062 quo
1354 1033 1427 1062 pro—

139 1074 205 1115 ficit
237 1074 431 1114 aposiopesin
465 1076 536 1106 ante
570 1074 683 1114 fecisse.
779 1083 964 1112 QVAERERE
995 1082 1123 1107 CAVSAS
1158 1085 1216 1106 cur
1246 1086 1265 1106 a
1294 1074 1426 1107 Graecis

141 1127 210 1160 eius
234 1128 402 1169 optaretur
426 1127 585 1159 interitus.

183 1207 186 1209 ,
232 1180 303 1212 106.
342 1194 447 1213 mmm
475 1183 532 1212 aut
559 1181 738 1222 nescientes,
771 1184 827 1212 aut
856 1181 1070 1222 imprudentes.
1161 1189 1334 1220 ARTISQVE
1367 1191 1425 1213 PE-

140 1242 275 1267 LASGAE
300 1245 352 1266 ars
375 1234 444 1266 τῶν
468 1233 579 1275 μέσων
604 1236 662 1266 est.
704 1235 776 1266 ideo
801 1234 918 1266 adiecit
942 1234 1143 1276 ‘Pelasgae'‚
1171 1234 1224 1267 hoc
1247 1237 1290 1267 est
1317 1235 1427 1268 malae.

232 1287 303 1319 107.
340 1300 538 1323 mosi-omma
561 1289 652 1329 mire,
675 1291 710 1319 ut
731 1288 770 1320 ab
793 1289 883 1320 initio
907 1291 1053 1329 coeperat.
1136 1297 1309 1320 PAvrrANS
1335 1290 1427 1331 quasi

139 1340 300 1383 pavitans.
387 1342 544 1388 ΡΑχιΤΑΝε]
568 1341 623 1373 hoc
641 1344 684 1373 est
701 1342 854 1374 simulans
872 1352 903 1373 se
919 1352 1040 1382 pavere.
1083 1344 1111 1374 et
1133 1353 1195 1374 non
1220 1345 1283 1374 tam
1300 1345 1428 1383 propter

141 1397 283 1426 mortem:
311 1404 385 1426 nam
414 1394 471 1425 crit
494 1395 543 1427 illi
566 1395 758 1426 contrarium
782 1394 981 1427 ‘iamdudum
1003 1396 1114 1428 sumite
1134 1395 1285 1436 poenas':
1315 1397 1368 1428 sed
1394 1399 1430 1428 ut

140 1449 292 1480 videretur
315 1458 384 1479 cum
409 1448 516 1479 timore
539 1448 652 1480 civium
675 1459 800 1480 suorum
824 1449 953 1480 consilia
976 1449 1020 1480 vel
1043 1452 1156 1481 secreta
1172 1450 1354 1489 patefacere.

139 1510 242 1533 FICTO
271 1509 429 1533 PECTORE
458 1503 571 1542 pectus
601 1512 661 1542 pro
691 1501 797 1533 verbis
828 1501 951 1542 posuit:
982 1513 1058 1533 nam
1087 1513 1263 1544 numquam
1292 1503 1427 1545 fingitur

140 1556 263 1596 pectus.

215 1663 228 1686 1
249 1660 412 1687 Iamdudum
433 1660 515 1688 modo
535 1669 619 1695 quam
638 1659 771 1695 primum]
791 1660 826 1687 cf.
846 1661 916 1688 Don.
937 1661 972 1687 ad
993 1661 1053 1687 Ter.
1073 1661 1158 1687 Andr.
1177 1661 1188 1687 I
1204 1665 1228 1695 4,
1246 1665 1258 1688 1
1274 1663 1283 1696 ΙΙ
1300 1665 1331 1688 12
1352 1662 1426 1689 Itha-

145 1705 192 1722 cus
210 1704 276 1723 vero
297 1718 302 1724 .
323 1717 328 1722 .
350 1717 355 1723 .
376 1696 544 1731 derivativo]
564 1705 649 1723 exscr.
669 1696 747 1723 Luct.
767 1696 843 1723 Plac.
863 1696 899 1723 ad
919 1696 991 1723 Stat.
1011 1696 1113 1723 Achill.
1135 1697 1159 1723 11
1178 1700 1212 1723 44

215 1797 227 1820 1
248 1803 352 1821 Avnam:
373 1795 395 1820 (ἶ
413 1796 491 1828 (corr.
513 1794 610 1827 0²)113
631 1793 804 1820 troianorum
824 1794 871 1820 0².-
894 1793 1028 1820 troiarum
1050 1793 1123 1827 0115
1143 1794 1180 1820 ad
1199 1802 1222 1820 v.
1245 1796 1294 1820 104
1314 1794 1427 1821 Ithacus

141 1829 253 1863 otacus)
273 1839 323 1864 pro
344 1829 497 1856 Ithacensis
517 1829 681 1863 (itacensis).
706 1828 859 1863 principale
884 1838 934 1863 pro
959 1829 1118 1856 diriuatiuo.
1142 1829 1168 1854 P
1187 1830 1196 1863 ΙΙ
1221 1832 1234 1855 7
1255 1830 1424 1864 mercentur]

141 1866 304 1891 coercentur
324 1866 353 1891 ΙΙ
366 1866 375 1899 ΙΙ
390 1868 405 1891 8
425 1865 569 1891 uictimam
589 1865 621 1890 H
631 1865 641 1898 ss
655 1864 692 1890 sit
711 1872 759 1890 om.
771 1865 801 1891 L
815 1866 824 1898 ΙΙ
838 1868 853 1891 9
874 1864 1023 1891 comitatur
1039 1864 1062 1890 G
1073 1865 1082 1898 ΙΙ
1097 1864 1156 1899 qui]
1177 1865 1243 1898 quia
1259 1865 1288 1897 C,
1308 1873 1357 1891 om
1374 1865 1426 1894 H

142 1900 243 1935 quippe
264 1923 269 1928 .
286 1922 292 1927 .
308 1922 313 1927 .
335 1900 438 1935 redire]
456 1901 545 1934 possis
563 1900 612 1926 hoc
630 1900 760 1926 scholium
780 1901 941 1926 constituere
961 1910 1010 1926 noc
1031 1921 1036 1926 .
1054 1921 1058 1925 .
1077 1921 1082 1926 .
1102 1901 1229 1934 ATMDAE]
1255 1900 1320 1933 quia
1341 1886 1426 1927 Sinon

141 1938 256 1971 propter
279 1956 285 1961 .
307 1957 313 1962 .
333 1958 337 1963 .
364 1937 409 1962 vel
434 1944 497 1970 emp
498 1936 529 1962 ta
551 1937 640 1962 morte
665 1935 723 1961 eius
748 1935 783 1961 ad
807 1935 929 1969 patriam
948 1935 1047 1961 redire.
1071 1936 1081 1969 ΙΙ
1105 1938 1136 1961 11
1158 1937 1247 1962 morte
1267 1944 1317 1962 om
1339 1935 1373 1968 G,
1396 1937 1428 1962 in

141 1979 226 2005 mary.
248 1972 311 1998 add.
333 1972 355 1998 (
357 1972 367 1987 ²
389 1972 398 2006 ΙΙ
423 1975 455 1998 12
476 1945 586 1998 Ithacus
606 1992 611 1997 .
634 1991 638 1996 .
686 1971 842 1997 derivativo
866 1971 914 1997 hoc
933 1972 989 1997 loco
1008 1979 1057 1997 om.
1080 1970 1103 1997 Ο
1123 1972 1132 2005 ΙΙ
1156 1970 1244 1997 itacus
1264 1971 1289 1997 L
1317 1971 1426 1998 itachus

142 2007 216 2033 HM
233 2008 242 2041 ΙΙ
259 2007 391 2034 itacensis
411 2007 435 2033 L
463 2007 595 2033 itacesius
614 2006 647 2032 H
663 2007 672 2040 ΙΙ
698 2010 729 2032 13
749 2006 900 2032 diriuatiuo
920 2006 983 2032 LH
999 2007 1008 2040 ΙΙ
1027 2016 1116 2033 MAeuo
1135 2015 1185 2032 om.
1207 2007 1229 2033 G
1246 2007 1255 2040 ΙΙ
1273 2016 1427 2034 neucsxrvu

142 2050 209 2069 uero
230 2042 253 2069 0
263 2043 272 2077 ΙΙ
286 2042 315 2069 id
334 2043 388 2077 est]
409 2051 458 2069 om.
480 2042 503 2069 C
527 2042 589 2068 idus
610 2042 639 2068 Il
653 2043 662 2076 ss
676 2041 795 2076 pretium
819 2041 861 2076 011
875 2043 907 2068 ut
925 2042 995 2068 illud
1016 2042 1059 2076 Ol}
1080 2044 1112 2068 14
1132 2043 1193 2068 erat
1213 2042 1235 2068 O
1253 2043 1332 2076 (corr.
1354 2042 1426 2076 0²)

144 2080 176 2104 15
196 2077 312 2112 palanta
331 2079 364 2104 H
384 2079 393 2112 ΙΙ
416 2078 551 2112 pallanta
589 2078 702 2104 Ithacus
722 2085 787 2103 nero
812 2085 862 2111 pro
882 2077 1041 2104 ithacensis.
1079 2077 1235 2111 principale
1254 2086 1304 2112 pro
1324 2077 1377 2104 diri
1395 2079 1427 2104 in

142 2113 184 2139 his
202 2114 302 2140 desinit
322 2114 474 2140 Cassellani
492 2116 587 2147 quate}
588 2121 635 2139 mo
654 2116 771 2139 vetuimus
804 2121 893 2139 nonus
911 2113 1024 2139 interiit
1053 2114 1172 2140 enotavit
1187 2121 1220 2139 cx
1234 2122 1262 2140 eo
1277 2122 1333 2140 non
1347 2114 1426 2140 nulla

143 2148 313 2176 franciscus
334 2150 450 2176 Medius
468 2150 499 2175 in
523 2157 602 2175 usum
622 2149 764 2181 Danielis,
787 2157 856 2182 quae
879 2149 903 2174 is
926 2149 1047 2182 maryini
1069 2149 1232 2183 exemplaris
1250 2149 1426 2181 Basileonsis,

143 2185 214 2218 quod
233 2185 264 2211 iu
283 2185 442 2212 bibliotheca
461 2185 598 2211 Beruensi
621 2187 790 2216 asservatur,
815 2184 968 2218 adscripsit.
1006 2193 1075 2218 quae
1096 2185 1212 2211 Medius
1235 2185 1315 2211 aliter
1335 2185 1427 2218 {eqisse

143 2219 250 2246 videtur
265 2228 297 2247 ac
311 2219 457 2254 Scioppius
472 2220 551 2253 infra
566 2220 851 2246 commemorabuntur.
866 2220 876 2253 ΙΙ
891 2223 923 2246 16
941 2219 1104 2246 festinemus
1119 2220 1150 2246 H
1163 2221 1172 2254 ΙΙ
1188 2223 1220 2246 17
1241 2219 1427 2254 apotiopesim

147 2254 238 2288 01120
257 2264 309 2282 ton
329 2264 424 2282 meson
443 2256 469 2282 L
496 2256 545 2282 ton
565 2264 659 2282 meson
674 2255 735 2281 Hm
762 2255 889 2282 tomeson
908 2255 944 2281 M
956 2256 965 2289 ΙΙ
979 2255 1123 2290 Pelasgae.
1160 2255 1333 2282 fraudulenti
1353 2255 1427 2282 enim

147 2291 211 2316 sunt
228 2290 331 2324 habiti,
350 2292 382 2318 ut
400 2291 517 2318 Plautus
537 2290 623 2324 (Asin.
641 2291 652 2316 1
667 2294 692 2323 3,
707 2292 751 2323 47)
773 2290 886 2324 ‘graeca
905 2299 1061 2318 mercamur
1079 2291 1153 2318 fide’
1174 2291 1203 2317 D
1217 2292 1226 2325 ΙΙ
1240 2294 1272 2317 21
1289 2291 1326 2317 ad
1339 2299 1362 2316 υ.
1376 2293 1425 2316 107

146 2312 336 2359 Prosequitur
374 2326 453 2354 Ficto
482 2327 606 2361 pectore]
635 2327 733 2360 pectus
761 2334 811 2360 pro
839 2326 925 2353 uerbo
954 2326 1054 2361 posuit.
1092 2335 1157 2353 nam
1181 2334 1332 2359 numquam
1361 2327 1427 2360 (non

145 2363 307 2396 numquam)
326 2361 440 2396 fingitur
459 2363 564 2397 peetus.
586 2362 614 2388 P
630 2362 640 2396 ΙΙ
658 2364 692 2388 23
712 2361 777 2396 crit]
798 2362 871 2388 esset
888 2362 982 2388 malim
1251 2397 1266 2409 ⁶

1448 706 1479 729 10

1447 974 1479 996 15

1446 1241 1480 1264 20

1447 1507 1479 1531 25
