1630 2684
99 969 118 976 κ

485 167 598 195 ΟΟΜΜ.
618 168 658 195 IN
675 168 783 195 VERG.
804 168 887 196 AEN.
907 169 940 196 II.
961 172 1074 197 85—98.
1352 170 1416 202 233

138 250 173 282 in
201 250 330 283 tenebris
358 250 455 282 vitam
485 248 634 288 trahebat,
662 250 717 281 sed
741 250 817 290 quia
843 251 977 282 amicum
1003 252 1178 291 perdiderit.
1279 265 1368 285 mm!
1386 266 1419 286 m

139 316 281 336 mvfflms
309 304 374 336 ideo
404 302 574 344 luyentibus
603 303 734 335 inimica
761 303 816 335 lux
843 306 898 342 est,
928 305 1002 344 quia
1030 308 1196 337 caruerunt
1222 316 1258 337 ea
1284 306 1318 337 hi
1344 316 1418 347 quos

137 357 254 395 dolent,·
281 357 347 389 ideo
370 356 506 389 tenebras
529 358 639 397 petunt
661 358 690 388 et
711 359 783 388 atra
805 360 882 389 veste
909 358 1100 389 amiciuntur
1129 361 1157 389 et
1183 359 1286 398 capita
1308 359 1418 400 velant,

137 412 174 442 ut
194 410 356 442 videantur
377 419 446 441 cum
468 409 619 449 defunctis
641 420 743 450 ayere,
772 411 929 442 imitantes
957 411 1084 442 tenebris
1106 411 1277 450 inferorum
1298 412 1418 451 faciem.

227 463 279 495 93.
315 474 448 495 msozms
467 475 553 494 amm
576 463 636 494 duo
653 464 771 505 posuit,
795 466 823 495 et
845 463 999 496 ‘insontis’
1023 466 1052 495 et
1074 463 1200 496 ‘amici'.
1236 467 1264 496 et
1280 465 1355 505 plus
1377 468 1420 497 est

138 517 220 557 quod
239 515 374 547 amioum
396 516 488 554 dixit,
517 526 610 556 quam
633 517 852 557 propinquum.
943 525 1065 549 MECVM
1094 526 1313 549 INDIGNABAR
1342 529 1418 560 quo-

138 569 234 602 modo
262 578 340 611 ergo
365 568 439 601 ‘nec
462 569 550 601 tacui
573 569 745 610 demens'?
792 570 1013 612 intellegimus
1038 571 1138 602 istum
1162 571 1255 612 quasi
1278 572 1419 604 tacuisse

138 623 255 665 primo,
274 624 349 664 post
368 622 562 663 inpatientia
577 623 698 654 doloris
713 623 867 664 erupisse.
935 637 973 656 ET
988 637 1039 656 cas
1046 637 1086 656 VM
1098 637 1234 657 msozvrls
1247 639 1276 657 M.
1291 638 1307 658 ι.
1323 627 1417 665 Alium]

140 677 222 717 [aut]
246 676 328 717 quod
348 676 473 707 interim
495 686 559 708 nori
581 677 768 708 vindicarem
793 678 886 709 amici
910 678 1041 709 insontis
1063 678 1231 710 interitum.

226 729 279 761 94.
316 738 403 761 Fons
429 738 532 768 SIQVA
554 729 636 761 bene
661 729 797 773 ‘siqua’‚
826 731 902 772 quia
929 732 1040 763 estet
1067 731 1153 763 bona
1180 733 1213 763 et
1236 731 1330 763 mala.
1356 732 1362 739 “

140 795 280 815 ννιιεεει·
299 793 362 814 mm
385 783 466 815 nulli
482 793 543 824 pro
566 783 717 815 retulisset
738 783 923 824 iutelleqimt.

227 836 280 868 95.
317 849 348 869 st
366 849 486 869 ammos
508 849 631 872 VMQVAM
650 849 826 869 REMEASSEM
850 850 946 869 VICTOR
968 850 1007 869 AD
1028 850 1120 869 amos
1142 838 1213 869 bene
1233 837 1364 879 dubitat,
1387 841 1421 869 ut

138 890 287 929 ostendat,
311 893 438 931 propter
465 890 653 922 Palameden
680 901 783 922 omnes
809 890 870 922 sibi
897 890 1030 922 Graecos
1058 891 1198 922 inimicos
1226 891 1331 930 fuisse.

145 955 242 976 morou
271 945 373 975 autem
400 945 435 974 ut
461 943 588 983 quidam
617 944 723 975 volunt
751 944 814 975 voti
845 954 975 984 compos,
1007 946 1043 975 ut
1069 946 1112 976 est
1139 943 1175 984 <1
1201 944 1284 985 192>
1314 955 1422 985 quam

138 998 272 1038 septem
295 997 463 1037 ingentia
485 997 603 1029 victor
625 1007 779 1038 corpora
800 997 938 1037 fundat
959 997 1072 1037 humi,
1097 998 1171 1038 quia
1193 998 1284 1029 aliter
1307 999 1421 1030 dictum

133 1050 238 1091 potuit
259 1060 322 1081 non
345 1050 417 1082 bene
434 1061 455 1081 a
476 1050 622 1083 Troianis
640 1051 745 1091 accipi.
839 1064 932 1082 Amos
954 1050 1036 1092 Aryi
1058 1051 1096 1083 ab
1115 1050 1202 1091 Argo
1225 1051 1311 1092 dicti,
1334 1061 1421 1091 quem

139 1103 290 1136 custodem
313 1113 432 1142 vaccae,
455 1104 490 1135 iri
512 1114 606 1144 quam
630 1104 668 1135 Io
689 1104 795 1144 fuerat
817 1106 1003 1136 commutata
1026 1104 1203 1136 Mercurius
1226 1104 1341 1136 oceidit.

206 1192 215 1201 ,
229 1157 282 1189 96.
319 1165 460 1189 PROMISI
478 1168 536 1198 per
556 1157 752 1189 eontrarium
773 1157 819 1189 ait
838 1168 896 1198 pro
912 1157 1053 1189 minatus
1069 1169 1153 1199 sum,
1173 1157 1248 1198 quia
1262 1157 1421 1188 minamur

141 1209 240 1252 mala,
268 1210 489 1251 promittimus
514 1210 608 1242 bona.
656 1210 702 1242 sic
725 1210 883 1242 Horatius
908 1212 1022 1242 contra
1046 1210 1155 1252 atqui
1183 1210 1315 1242 vultus
1339 1212 1422 1242 erat

141 1263 263 1295 multa
287 1265 325 1295 et
347 1263 551 1305 praeclara
574 1263 774 1304 minantis,
798 1263 831 1294 id
855 1266 905 1295 est
928 1263 1158 1304 promittentis.
1233 1264 1286 1303 [et]
1307 1276 1425 1296 PROMISI

146 1329 279 1349 nroztm
298 1318 378 1348 deest
401 1316 574 1357 ‘futurum’.

230 1369 283 1401 97.
320 1382 392 1402 mave
411 1383 482 1402 mm
498 1381 558 1411 pro
582 1370 655 1402 ‘hac
673 1369 782 1402 causa’
805 1370 851 1402 vel
874 1369 1012 1410 ‘propter
1029 1369 1108 1401 hoc'.
1141 1372 1170 1401 et
1187 1372 1230 1402 est
1247 1369 1423 1401 adverbium

142 1424 235 1456 locale
259 1434 321 1464 pro
350 1420 561 1460 coniuulitione
590 1424 716 1455 causali.
807 1431 914 1454 PRIMA
945 1431 1031 1454 MALI
1062 1431 1173 1454 LARES
1203 1423 1283 1464 quia
1313 1424 1424 1454 secuta

142 1478 220 1509 sunt
248 1478 364 1518 postea
395 1477 560 1509 oraculum
590 1478 623 1508 et
651 1477 775 1508 adscita
803 1475 989 1508 Calchantis
1019 1476 1128 1508 factio.
1175 1475 1319 1507 ‘adscita'
1350 1486 1424 1507 saue

110 1540 118 1545 ¹
142 1531 256 1563 dutitur
278 1530 450 1570 adsumpta.
497 1529 613 1562 ‘labes'
637 1541 712 1562 vero
736 1530 864 1562 ruinam
888 1529 1064 1570 significat,
1089 1540 1108 1561 a
1130 1529 1233 1570 lapsu.

232 1584 285 1615 98.
322 1591 524 1615 CRIMINIBVS
544 1583 663 1622 causis,
686 1585 723 1615 ut
743 1594 840 1624 supra
859 1582 943 1624 <65>
967 1585 1004 1614 et
1027 1582 1186 1614 crimine
1211 1582 1256 1613 ab
1281 1593 1361 1614 uno.

145 1651 232 1670 ,vom
254 1640 311 1669 aut
332 1637 467 1678 maqnis,
495 1640 552 1668 aut
572 1648 650 1677 quae
672 1637 776 1686 nullus
798 1638 962 1676 sperasset;
992 1638 1048 1667 aut
1070 1636 1142 1667 aliis
1165 1638 1254 1676 atque
1276 1635 1358 1667 aliis.

145 1699 326 1723 SPARGERE
349 1698 459 1722 VOCES
483 1692 521 1722 ut
544 1689 656 1722 Cicero
681 1691 719 1721 et
742 1699 925 1730 spargere
950 1699 1096 1721 venena
1119 1688 1346 1720 didicerunt.

216 1781 249 1805 19
268 1777 414 1813 Horatius]
433 1779 484 1804 sat.
503 1778 529 1804 11
548 1780 573 1811 3,
593 1780 608 1804 9
623 1778 632 1811 ΙΙ
651 1779 685 1803 28
705 1776 814 1811 Cicero]
833 1776 863 1802 in
881 1775 962 1803 Catil.
981 1776 1007 1802 ΙΙ
1027 1778 1068 1809 10,
1088 1778 1121 1802 23
1159 1800 1162 1803 ,

384 1846 393 1860 Χ

216 1870 229 1894 1
250 1867 412 1902 perdideret
430 1866 454 1893 C'
470 1866 491 1899 (i
509 1874 641 1900 superscr.
661 1866 719 1893 ead.
738 1866 822 1899 man.)
837 1866 876 1899 112
896 1864 1057 1899 lugentibus
1077 1863 1111 1890 0²
1129 1871 1204 1897 supr.
1224 1871 1292 1896 vers,
1311 1871 1360 1889 om.
1378 1862 1401 1889 G
1417 1864 1424 1897 Η

144 1906 160 1930 3
180 1903 274 1930 velant
291 1903 404 1936 scripsi:
427 1902 557 1928 uelantur
577 1902 606 1928 C'.
630 1904 745 1928 ceterum
765 1901 856 1934 capite
876 1900 1004 1926 uelantur
1027 1900 1146 1925 enotavit
1164 1899 1302 1932 Berykius
1324 1899 1333 1932 [Ι
1361 1901 1376 1924 5
1397 1899 1425 1924 et

144 1938 261 1966 insontis
281 1938 429 1971 Scioppius
443 1938 575 1964 enotavit:
595 1938 626 1963 ut
645 1936 762 1963 insontis
778 1936 801 1962 (J
812 1936 821 1969 ΙΙ
835 1938 850 1961 8
871 1935 994 1969 erupisse
1014 1943 1047 1961 ex
1066 1934 1200 1968 eripuisse
1216 1934 1252 1960 M
1264 1934 1274 1967 l}
1289 1933 1424 1968 erupisse]

144 1974 175 2001 in
192 1982 291 2001 uocem
309 1982 384 2007 supr.
404 1981 471 1999 vers.
487 1973 549 1999 add.
567 1972 625 2006 0²11
639 1976 654 1998 9
674 1971 792 1998 insontis
811 1974 842 1997 in
860 1979 961 1997 rasura
977 1970 1010 1997 02
1024 1971 1033 2003 ΙΙ
1050 1973 1081 1996 10
1100 1970 1137 1996 ad
1153 1978 1177 1996 v.
1193 1972 1227 1995 94
1246 1969 1314 1995 Fors
1333 1969 1424 2003 siqua]

145 2009 215 2036 bene
235 2009 328 2043 siqua,
347 2008 414 2042 quia
432 2008 517 2042 (male
532 2008 613 2041 quae)
634 2009 676 2034 est
691 2008 719 2033 et
733 2007 806 2033 bona
821 2007 850 2032 et
866 2006 948 2033 mala.
983 2005 1117 2039 Tulisset]
1137 2004 1264 2031 nonnulli
1283 2013 1333 2038 pro
1352 2005 1426 2030 retu-

145 2044 233 2071 lisset.
254 2045 282 2070 P
302 2045 312 2078 11
339 2047 369 2070 12
389 2045 426 2071 ad
445 2053 468 2071 v.
489 2046 522 2070 95
548 2042 577 2069 Si
597 2043 702 2077 patrios
721 2042 811 2068 uictor
831 2041 955 2076 (uietos)]
979 2042 1012 2067 ut
1030 2040 1145 2074 quidam
1165 2061 1170 2066 .
1191 2061 1196 2066 .
1218 2061 1223 2066 .
1242 2039 1351 2066 occidit.
1374 2040 1402 2065 P
1418 2040 1427 2075 z}

149 2083 181 2106 14
196 2088 309 2114 campos
325 2080 347 2107 Ο
365 2081 443 2113 (corr.
460 2079 503 2113 02)
518 2081 527 2113 ΙΙ
544 2082 575 2105 15
591 2086 708 2112 corpora.
726 2078 825 2103 fundat
844 2077 922 2103 humi
941 2085 990 2103 om.
1007 2075 1061 2103 GP
1077 2084 1099 2102 o.
1115 2076 1133 2102 f.
1149 2076 1175 2102 h.
1187 2083 1274 2109 supra
1287 2083 1352 2102 vers.
1369 2075 1404 2102 0²
1418 2078 1426 2109 l*

147 2141 225 2183 quia]
246 2150 298 2176 que
318 2142 346 2168 P
360 2143 370 2176 ΙΙ
394 2145 426 2168 16
445 2149 530 2168 Amos
552 2140 579 2166 P
596 2148 645 2167 om.
668 2139 691 2166 0
708 2140 717 2173 ΙΙ
743 2142 773 2165 17
795 2119 929 2166 comitata
949 2138 976 2164 P
992 2138 1002 2172 ΙΙ
1024 2140 1055 2164 18
1075 2138 1112 2164 ad
1131 2146 1154 2164 v.
1175 2140 1208 2164 96
1228 2136 1355 2171 Promisi]
1376 2145 1426 2171 pro

147 2179 270 2204 minatus
289 2187 357 2204 sum.
377 2186 427 2212 per
445 2176 615 2204 eontrarium
635 2175 718 2207 dixit,
738 2174 804 2208 quia
822 2175 915 2207 (quae)
936 2194 941 2200 .
959 2194 964 2200 .
981 2195 986 2199 .
1005 2173 1138 2200 futurum.
1159 2173 1205 2207 ΡΙΙ
1221 2175 1253 2199 19
1273 2173 1313 2199 sic
1333 2174 1426 2199 autem

147 2213 279 2239 Horatius
301 2213 328 2239 P
349 2214 359 2247 ΙΙ
382 2212 529 2240 contrahat
547 2211 596 2245 qui
616 2211 670 2237 GP
689 2211 698 2244 ss
722 2213 754 2236 22
775 2210 811 2236 ad
829 2218 853 2236 v.
874 2213 906 2236 97
926 2209 998 2235 Hinc
1017 2209 1097 2243 mihi]
1121 2217 1172 2243 pro
1191 2208 1244 2235 hac
1263 2216 1347 2234 causa
1366 2230 1372 2235 .
1393 2229 1398 2234 .
1420 2228 1425 2233 .

149 2248 261 2275 causali.
293 2248 358 2282 quia,
378 2250 453 2282 (que)
473 2250 569 2274 secuta
588 2248 653 2273 sunt
672 2266 677 2272 .
694 2267 699 2272 .
716 2267 721 2273 .
742 2254 759 2271 a
777 2245 866 2279 lapsu.
886 2245 979 2279 1³1123
999 2246 1095 2271 secuta
1114 2245 1157 2270 est
1174 2244 1208 2269 H
1232 2244 1343 2270 secutae
1364 2244 1428 2269 sunt

119 2297 121 2299 ·
151 2283 187 2309 M
192 2283 221 2309 E
232 2284 243 2317 ΙΙ
256 2286 290 2310 24
308 2283 338 2310 in
356 2286 456 2318 postea
474 2283 506 2309 H
516 2283 526 2317 ΙΙ
540 2282 629 2309 ascita
647 2282 671 2307 L
686 2283 695 2315 ss
709 2280 818 2307 adscita
836 2301 842 2306 .
858 2302 864 2308 .
881 2301 886 2306 .
907 2280 1066 2314 adsumpta]
1088 2279 1212 2306 Servium
1231 2280 1427 2311 interpretatur

149 2318 310 2345 scholiastes.
324 2320 334 2353 11
348 2322 382 2346 26
401 2320 438 2346 ad
457 2327 480 2344 v.
497 2321 530 2345 98
550 2316 728 2351 Criminibus]
750 2316 852 2349 causis,
871 2317 903 2342 ut
923 2315 1052 2342 ‘crimine
1072 2315 1108 2341 ab
1126 2314 1203 2341 uno'.
1236 2314 1335 2348 Nouis]
1356 2321 1427 2346 quae

150 2353 409 2423 :lglglgzrzpessascs'et
432 2355 459 2380 P
480 2355 489 2388 ss
516 2356 549 2380 28
570 2354 707 2387 Spargere
725 2352 820 2386 voees]
840 2351 967 2383 miscere,
987 2352 1020 2377 ut
1038 2350 1134 2377 Cicero
1153 2350 1182 2376 D
1204 2350 1214 2383 ΙΙ
1237 2350 1265 2376 et
1284 2349 1426 2383 spargere]

1441 737 1472 760 10

1442 1003 1472 1026 15

1441 1268 1475 1291 20

1442 1534 1475 1557 25
