1630 2684
156 741 188 764 1⁰

156 1008 186 1032 15

154 1277 188 1299 20

208 165 273 198 202
377 195 380 198 .
786 166 906 194 SERVII

299 248 371 280 725.
408 257 443 280 rr
477 256 667 280 STREPlTvs
701 257 822 281 'rac'ris
855 247 889 280 id
922 249 972 280 est
1003 247 1044 280 ad
1076 249 1177 287 tecta,
1210 249 1247 279 ut
1279 247 1312 280 it
1344 247 1491 281 elamor

207 301 324 333 caelo.
370 302 491 344 legitur
514 304 622 334 autem
646 304 679 334 et
702 301 758 334 ‘fit
781 302 938 344 strepitus
958 300 1081 353 tectis&
1434 313 1437 316 ’

298 355 371 387 726.
407 364 514 388 ATRIA
532 357 570 387 ut
589 367 685 398 supra
704 355 857 395 diximus,
880 355 990 397 tangit
1008 355 1190 387 Romanam
1208 354 1395 397 historiam
1413 362 1490 388 nam

207 410 243 441 ut
267 409 314 440 ait
337 408 419 441 Cato
444 410 477 441 et
499 409 533 441 in
556 409 641 442 atrio
662 411 695 442 et
713 409 837 441 duobus
855 409 986 442 ferculis
1005 409 1222 452 epulabantur
1241 407 1382 451 antiqui:
1405 407 1491 441 unde
1508 411 1510 413 ’

207 462 254 494 ait
277 461 440 495 Iuvenalis
465 462 551 505 quis
574 463 726 507 fercula
755 464 903 504 septem
927 463 1079 495 secreto
1101 461 1257 494 cenavit
1281 462 1397 495 avus?
1441 461 1491 495 ibi

207 515 305 548 ctiam
329 516 482 558 pecunias
506 515 684 548 habebant:
712 515 795 548 unde
823 515 923 548 etiam
947 515 1004 558 qui
1030 515 1255 548 honoratiores
1284 516 1378 548 erant
1405 514 1490 548 limi-

207 581 284 602 num
304 569 454 602 custodes
472 568 725 611 adhibebantur,
748 571 785 601 ut
804 569 869 611 qui
888 568 1085 602 Dardanio
1106 568 1298 602 Anchisae
1318 569 1490 612 armiger

208 625 296 655 ante
318 623 407 662 fuit,
431 623 612 665 fidusque
635 622 680 655 ad
704 622 840 654 limina
863 623 1005 655 custos.
1039 622 1087 654 ibi
1111 624 1144 654 et
1167 622 1275 655 culina
1297 624 1380 655 erat:
1403 621 1490 655 unde

207 679 240 709 et
263 677 383 709 atrium
406 676 529 708 dictum
552 678 615 718 est3
638 678 744 708 atrum
768 675 854 708 enim
877 677 948 708 erat
971 687 1010 708 ex
1033 676 1134 708 fumo.
1160 676 1219 708 alii
1241 675 1348 708 dieunt
1360 675 1489 709 Atriam

207 730 359 763 Etruriae
381 730 532 763 civitatem
553 730 662 770 fuisse,
690 740 768 771 qnae
795 730 899 762 domos
925 730 1039 771 amplis
1065 730 1220 762 vestibulis
1241 729 1386 762 habebat.-
1410 738 1491 771 quae

207 794 276 816 cum
299 783 436 816 Romani
459 784 656 815 imitarentur
678 783 762 815 atria
785 783 1023 824 appellaverunt.
1059 783 1119 815 alii
1141 783 1226 816 atria
1248 792 1380 824 magnas
1400 782 1490 817 aad&

207 840 235 870 ct
261 838 480 879 capacissimas
511 837 621 870 dictas.
637 837 776 879 tradunt,
809 837 890 870 unde
916 838 1002 869 atria
1033 837 1156 869 Licinia
1184 839 1213 869 et
1239 837 1365 872 atrium.
1384 835 1491 870 Liber-

208 892 290 924 tatis.
359 899 491 923 Lycum
516 890 639 922 Graeco
662 901 810 923 sermone
830 901 907 922 usus
927 892 990 932 est,
1008 901 1049 923 ne
1068 890 1133 923 vile
1153 890 1274 932 aliquid
1294 889 1491 923 introfenet.

208 955 228 976 a
246 944 367 987 lychno
387 946 496 977 autem
516 944 647 976 lucerna
665 944 752 976 dicta
766 945 825 986 est,
843 944 927 976 unde
946 946 980 976 et
998 944 1104 976 brevis
1124 945 1175 976 est
1194 942 1261 983 ‘lu',
1275 945 1313 976 ut
1327 942 1490 977 Iuvenalis

206 998 422 1040 dispositae
458 999 639 1040 pinguem
670 997 850 1030 nebulam
880 1009 1060 1030 vomuere
1090 997 1277 1030 lucernae.
1331 997 1490 1030 Horatius

208 1062 331 1094 ungor
355 1052 473 1093 olivo,
498 1063 571 1084 non
595 1063 668 1094 quo
692 1051 839 1084 furatis
863 1051 1069 1083 inmundus
1093 1050 1215 1083 Natta
1236 1050 1416 1084 lucernis.
1448 1045 1491 1084 -si

207 1107 293 1138 enim
322 1118 341 1139 a
368 1106 439 1138 luce
466 1106 639 1147 diceretur,
666 1116 729 1138 non
759 1107 863 1137 staret
890 1115 1012 1137 versus·
1101 1112 1346 1143 LAQVEARmvs
1370 1102 1491 1146 prinei-

207 1159 326 1201 paliter
350 1159 438 1191 lacus
462 1159 594 1201 dicitur,
622 1160 660 1191 ut
681 1158 826 1191 Lucilius
854 1159 1052 1191 resultant
1075 1158 1269 1200 aedesque
1292 1157 1491 1200 lacusque3

207 1213 379 1245 diminutio
403 1213 536 1245 lacunar
559 1212 652 1254 facit,
681 1214 718 1244 ut
741 1212 898 1244 Horatius
926 1223 994 1244 nec
1024 1222 1106 1244 mea
1133 1211 1288 1244 renidet
1314 1211 1354 1244 in
1380 1210 1492 1244 domo

209 1267 385 1304 lacunam
418 1266 492 1298 inde
525 1267 562 1298 fit
590 1266 656 1299 alia
683 1266 854 1298 diminutio
883 1265 1084 1298 lacunarium
1115 1267 1148 1297 ct
1179 1275 1237 1307 per
1269 1264 1491 1298 antistoiehon

281 1395 294 1418 1
315 1392 339 1418 it
357 1392 474 1426 clamor]
495 1392 527 1418 A.
547 1392 571 1418 V
591 1394 642 1418 451
657 1391 696 1425 [15
715 1389 868 1426 Iuvenalis]
889 1391 939 1417 sat.
960 1390 971 1416 I
991 1391 1078 1424 94117
1098 1389 1158 1424 qui]
1178 1388 1211 1415 A.
1230 1388 1267 1415 IX
1287 1390 1340 1416 644
1356 1388 1368 1424 Ι
1385 1391 1403 1416 8
1416 1388 1490 1417 unde

207 1430 237 1454 et
261 1449 266 1454 .
288 1449 293 1454 .
314 1449 320 1455 .
344 1427 433 1462 fumo]
458 1427 493 1455 cf.
512 1427 576 1454 Isid.
602 1427 644 1454 ori
666 1447 672 1454 .
696 1426 745 1452 XV
770 1430 800 1460 3,
823 1429 847 1454 4.
881 1426 964 1460 gloss.
989 1425 1132 1460 Sangerm.
1159 1433 1204 1460 ap.
1227 1424 1354 1452 Hildebr.
1377 1432 1405 1459 p.
1423 1422 1492 1460 ²¹-l

207 1467 223 1490 9
242 1463 292 1490 alii
313 1484 318 1490 .
335 1485 339 1490 .
357 1485 362 1489 .
383 1463 610 1497 appellaverunt]
630 1471 645 1490 c
661 1484 666 1488 .
685 1462 774 1489 Varro
793 1461 819 1488 d.
840 1462 857 1489 l.
877 1461 895 1488 1.
915 1461 940 1488 V
960 1464 1009 1488 161
1033 1461 1043 1495 ΙΙ
1068 1464 1099 1488 13
1192 1469 1224 1488 co
1244 1481 1250 1487 .
1267 1481 1273 1488 .
1289 1481 1296 1487 .
1315 1459 1478 1488 introierat

208 1507 294 1526 exscr.
314 1499 392 1526 Luct.
413 1498 489 1525 Plac.
510 1498 545 1525 ad
566 1499 637 1525 Stat.
654 1497 741 1525 Theb.
762 1498 774 1524 1
794 1500 853 1525 521.
874 1496 907 1524 cf.
923 1497 1045 1524 Maerob.
1061 1469 1211 1529 Satwss
1229 1498 1260 1523 17
1274 1496 1285 1530 Ι
1299 1498 1333 1522 14
1350 1503 1369 1522 a
1386 1494 1491 1530 lychno

280 1535 368 1561 staret
392 1535 501 1570 versus]
526 1542 611 1561 exscr.
636 1533 699 1561 lsid.
719 1532 788 1567 orig.
808 1533 857 1559 XX
884 1536 929 1566 10,
949 1536 964 1559 2
987 1533 998 1573 μ
1020 1531 1172 1567 luvenalis]
1195 1531 1283 1559 immo
1306 1530 1417 1558 Pmiu·
1438 1531 1492 1559 nat.

209 1570 232 1596 V
254 1573 302 1597 181
327 1572 337 1604 u
362 1574 393 1596 15
418 1569 549 1596 Horatius
587 1571 639 1596 sat.
659 1570 669 1596 1
690 1573 720 1601 6,
741 1572 791 1595 124
814 1570 824 1603 fl
848 1572 879 1595 17
925 1568 1098 1602 rincipaliter
1197 1565 1384 1602 laquearium]
1402 1574 1484 1598 exter

209 1605 272 1632 Isid.
292 1605 360 1640 orig.
381 1605 432 1632 XV
451 1608 477 1638 8,
497 1609 512 1631 ὓ
533 1614 562 1631 ο,
580 1604 644 1632 xlx
664 1604 768 1639 121118
788 1578 924 1639 Luciliusq

209 1641 276 1677 tius]
296 1650 380 1668 carm.
403 1641 424 1667 ll
447 1644 488 1674 18,
508 1644 523 1667 ‘3

280 1753 293 1775 1
315 1750 352 1776 ad
371 1757 394 1776 v.
415 1751 466 1775 725
486 1749 532 1775 Fit
550 1749 684 1783 strepitus
702 1747 797 1782 tectis]
820 1747 850 1774 id
869 1748 913 1774 est
931 1747 966 1774 ad
985 1747 1075 1778 tecta,
1099 1747 1131 1772 ut
1149 1746 1254 1773 clamor
1273 1745 1361 1772 caelo.
1382 1744 1410 1772 P
1429 1746 1441 1780 Ι
1462 1753 1490 1772 rr

208 1794 257 1813 om.
273 1785 300 1811 Β
320 1794 362 1811 ινιτ
382 1785 446 1811 LH
450 1785 487 1811 M
502 1784 605 1811 Daniel
619 1785 628 1818 ΙΙ
642 1787 657 1810 2
678 1783 756 1810 caelo
775 1783 804 1810 id
823 1784 866 1810 est
881 1783 916 1809 ad
932 1782 1039 1810 caelum
1055 1782 1081 1808 B
1095 1782 1105 1816 ΙΙ
1119 1781 1223 1815 legitur
1236 1781 1331 1808 autem
1350 1802 1356 1808 .
1371 1800 1378 1806 .
1394 1801 1400 1808 .
1420 1782 1478 1808 atre

208 1821 284 1855 pitus
300 1829 351 1848 om.
366 1820 393 1846 Β
406 1821 416 1854 [Ι
433 1820 464 1847 {it
479 1820 548 1846 LM
567 1820 609 1853 (fit
626 1820 696 1852 fuit,
714 1822 745 1845 nt
763 1819 879 1852 videtur)
899 1819 932 1845 fit
950 1818 984 1844 H
998 1818 1023 1845 it-
1036 1818 1140 1844 Daniel
1153 1818 1163 1851 ΙΙ
1176 1815 1261 1843 tectis
1279 1824 1312 1843 ex
1330 1815 1423 1844 tectus
1440 1795 1490 1849 1ιῇ
1516 1843 1523 1852 ,

209 1860 224 1882 3
244 1857 282 1883 ad
299 1865 323 1883 υ.
340 1859 392 1883 726
410 1855 503 1891 Atria]
521 1864 628 1882 morem
645 1855 833 1882 Romanorum
847 1853 941 1888 tangit
955 1875 962 1881 .
978 1875 983 1880 .
1000 1874 1006 1880 .
1021 1853 1209 1888 epulabantur
1222 1850 1340 1886 antiqui.
1381 1850 1491 1885 Lychni

208 1892 313 1926 (ligni)]
334 1900 435 1926 graeco
454 1899 580 1918 sermone
599 1900 665 1918 usus
684 1891 733 1917 est
771 1899 789 1917 a
807 1889 870 1917 luco
889 1890 964 1917 enim
989 1889 1104 1916 lucerna
1123 1888 1199 1915 dicta
1217 1887 1272 1921 est,
1290 1885 1364 1914 unde
1381 1887 1412 1914 et
1428 1886 1490 1914 bre-

209 1928 271 1954 uius
290 1928 327 1954 lu.
367 1927 534 1962 ‘dispositae
553 1926 686 1962 pinguem
705 1926 836 1953 nebulam
855 1933 988 1953 uomuere
1008 1923 1159 1952 lucernae’.
1197 1922 1221 1950 si
1239 1922 1315 1963 enim
1332 1930 1351 1950 a
1367 1921 1430 1963 luce
1448 1920 1490 1950 di-

208 1964 318 1990 ceretur
348 1971 404 1990 non
435 1963 523 1990 staret
553 1971 657 1989 uersu&
700 1961 903 1996 Laquearibus]
930 1959 1123 1995 principaliter
1152 1959 1229 1986 lacus
1255 1957 1357 1985 dicitur
1384 1957 1491 1991 (ditur).

209 1999 357 2026 diminutio
371 1999 500 2030 lacunar,
520 1998 584 2025 inde
599 1998 632 2024 fit
646 1997 703 2024 alia
717 1997 866 2024 diminutio
881 1996 1064 2024 lacunarium.
1093 1994 1198 2030 legitur
1212 1994 1242 2021 et
1254 1992 1420 2034 lacuaribns.
1442 1993 1470 2020 P
1480 1992 1490 2028 ΙΙ

208 2034 314 2061 dictum
334 2036 378 2061 est
395 2035 500 2061 Daniel
517 2035 527 2068 ss
547 2033 695 2068 tangitque
713 2041 820 2060 morem
839 2033 1026 2060 Romanorum
1045 2031 1149 2058 Daniel
1166 2030 1176 2065 fl
1195 2033 1210 2056 6
1230 2030 1321 2057 aucun
1335 2030 1399 2063 pont
1416 2028 1490 2056 unde

209 2078 258 2096 υηι.
279 2070 351 2096 ΒΜ
368 2070 479 2096 Daniel.
505 2070 620 2102 fortasse
639 2070 668 2095 et
685 2069 784 2095 famuli
797 2069 807 2103 ΙΙ
821 2067 1013 2095 honoratiores
1035 2066 1110 2094 serui
1128 2065 1279 2093 Fabricius
1297 2065 1308 2099 Ι
1327 2067 1343 2091 9
1367 2063 1418 2091 alii
1438 2085 1444 2091 .
1461 2085 1467 2091 .
1483 2085 1490 2092 .

211 2105 313 2131 atrium
329 2105 480 2132 Libertatis
495 2106 526 2131 in
544 2108 620 2132 tarta
637 2105 716 2131 habet
730 2105 835 2131 Daniel
847 2105 857 2139 ss
871 2104 981 2131 Atriam
993 2103 1105 2136 scripsi.-
1122 2101 1203 2128 Atria
1216 2100 1320 2127 Daniel
1331 2100 1343 2134 Ι
1356 2102 1389 2140 il
1406 2099 1491 2141 aedes

209 2140 404 2167 Burmannus:
426 2141 506 2167 sedes
524 2141 636 2167 Daniel.
674 2140 708 2173 cs.
727 2140 806 2174 yloss.
826 2140 966 2174 Sanyemn.
986 2147 1029 2172 ap.
1050 2138 1175 2164 Hadebr.
1194 2145 1221 2170 p.
1236 2139 1268 2162 21
1291 2135 1388 2162 ‘'Atrm
1401 2137 1490 2169 porh-

209 2184 263 2202 cas.
300 2184 415 2210 magrnae
433 2176 510 2202 aedes
529 2178 553 2202 ct
572 2176 766 2209 capacissimae
790 2176 865 2202 atria
883 2174 1069 2202 dicebantur&
1090 2174 1100 2207 {l
1122 2176 1154 2199 13
1174 2180 1264 2198 nicam
1283 2170 1309 2197 L
1336 2179 1414 2198 nvem
1432 2170 1468 2197 H
1481 2171 1490 2206 ΙΙ

211 2223 244 2247 14
262 2220 346 2254 lycno
365 2220 592 2246 Karolirulaensis
608 2214 718 2246 ETXV]
746 2219 840 2247 lichno
860 2219 886 2246 L
913 2218 991 2254 ligno
1010 2218 1047 2244 H.
1084 2217 1119 2250 cf.
1138 2216 1303 2243 Bitschelius
1326 2223 1395 2244 mue.
1413 2215 1489 2242 rhen.

210 2256 234 2283 X
253 2258 304 2282 448
318 2256 328 2290 ΙΙ
342 2255 435 2283 breuis
449 2257 493 2282 est
511 2255 539 2281 lu
555 2255 663 2282 Lucilio
678 2256 710 2282 ut
725 2255 822 2282 Persio
838 2255 989 2282 Fabricius
1001 2254 1011 2288 ΙΙ
1026 2256 1058 2280 15
1077 2252 1211 2287 disposite
1225 2250 1290 2278 ΕΗ
1299 2251 1310 2284 ΙΙ
1323 2250 1417 2285 lingue
1437 2250 1472 2277 H
1480 2250 1491 2286 Η

209 2327 326 2354 nebulae
345 2327 372 2353 B
390 2327 525 2361 flmouere
544 2327 571 2352 B
590 2334 703 2353 uomere
724 2326 760 2352 M
777 2327 786 2360 n
800 2325 931 2353 Horatius
950 2346 956 2352 .
972 2345 979 2352 .
995 2347 1001 2352 .
1019 2323 1140 2351 lucernis
1159 2331 1208 2350 om.
1226 2322 1255 2348 B
1268 2323 1278 2356 ΙΙ
1293 2324 1326 2349 16
1349 2300 1440 2356 ungi„
1464 2321 1493 2349 L

209 2364 313 2397 Iungur
332 2363 365 2389 H
375 2364 385 2396 ΙΙ
397 2362 497 2389 furatis
517 2362 622 2388 LHM
638 2361 764 2388 fundatis
783 2362 886 2388 Daniel
904 2359 1041 2387 fraudatis
1060 2359 1126 2386 libri
1139 2358 1280 2393 Horatiifl
1295 2360 1327 2385 17
1346 2357 1409 2385 luce
1425 2357 1463 2384 M
1465 2355 1495 2384 P

210 2399 326 2429 Daniel:
345 2398 438 2425 lucere
456 2398 554 2424 BLII
564 2398 574 2432 ΙΙ
591 2400 621 2423 19
642 2396 742 2423 retinet
762 2397 858 2431 L1120
879 2395 1030 2423 antisticon
1049 2395 1155 2421 LHM

944 1611 978 1631 ex
991 1603 1053 1631 libr.
1069 1603 1122 1631 ine.
1136 1606 1171 1630 40
1185 1602 1310 1631 Mueller.
1324 1602 1335 1637 ι
1349 1604 1382 1629 ιο
1401 1586 1497 1630 nor-2.
