<?xml version="1.0" encoding="UTF-8"?>
<!DOCTYPE html PUBLIC "-//W3C//DTD XHTML 1.0 Transitional//EN"
    "http://www.w3.org/TR/xhtml1/DTD/xhtml1-transitional.dtd">
<html xmlns="http://www.w3.org/1999/xhtml" xml:lang="en" lang="en">
 <head>
  <title>
</title>
<meta http-equiv="Content-Type" content="text/html;charset=utf-8" />
  <meta name='ocr-system' content='tesseract 3.04.00' />
  <meta name='ocr-capabilities' content='ocr_page ocr_carea ocr_par ocr_line ocrx_word'/>
</head>
<body>
  <div class='ocr_page' id='page_1' title='image "./invergiliicarmin00servuoft/invergiliicarmin00servuoft_0035.png"; bbox 0 0 1630 2684; ppageno 0'>
   <div class='ocr_carea' id='block_1_1' title="bbox 459 128 1390 162">
    <p class='ocr_par' dir='ltr' id='par_1_1' title="bbox 459 128 1390 162">
     <span class='ocr_line' id='line_1_1' title="bbox 459 128 1390 162; baseline 0.002 -4"><span class='ocrx_word' id='word_1_1' title='bbox 459 129 573 158; x_wconf 79' lang='lat' dir='ltr'>COMM.</span> <span class='ocrx_word' id='word_1_2' title='bbox 591 129 632 157; x_wconf 86' lang='lat' dir='ltr'>IN</span> <span class='ocrx_word' id='word_1_3' title='bbox 650 128 759 157; x_wconf 78' lang='lat' dir='ltr'>VERG.</span> <span class='ocrx_word' id='word_1_4' title='bbox 778 129 863 157; x_wconf 85' lang='lat' dir='ltr'><strong>AEN.</strong></span> <span class='ocrx_word' id='word_1_5' title='bbox 882 129 902 156; x_wconf 91' lang='lat' dir='ltr'>I.</span> <span class='ocrx_word' id='word_1_6' title='bbox 923 132 1036 157; x_wconf 81' lang='grc'>25-27.</span> <span class='ocrx_word' id='word_1_7' title='bbox 1346 129 1390 162; x_wconf 83' lang='grc'>23</span> 
     </span>
    </p>
   </div>
   <div class='ocr_carea' id='block_1_2' title="bbox 103 210 1393 1056">
    <p class='ocr_par' dir='ltr' id='par_1_2' title="bbox 105 210 1393 728">
     <span class='ocr_line' id='line_1_2' title="bbox 107 210 1393 257; baseline -0.002 -10"><span class='ocrx_word' id='word_1_8' title='bbox 107 225 167 257; x_wconf 88' lang='lat' dir='ltr'>pro</span> <span class='ocrx_word' id='word_1_9' title='bbox 195 213 323 246; x_wconf 81' lang='lat' dir='ltr'>Venere</span> <span class='ocrx_word' id='word_1_10' title='bbox 350 213 463 245; x_wconf 80' lang='lat' dir='ltr'>contra</span> <span class='ocrx_word' id='word_1_11' title='bbox 494 211 652 244; x_wconf 90' lang='lat' dir='ltr'>Iunonem</span> <span class='ocrx_word' id='word_1_12' title='bbox 679 210 925 253; x_wconf 85' lang='lat' dir='ltr'>Minervamque</span> <span class='ocrx_word' id='word_1_13' title='bbox 953 210 1112 244; x_wconf 86' lang='lat' dir='ltr'>iudicasse</span> <span class='ocrx_word' id='word_1_14' title='bbox 1140 212 1177 244; x_wconf 81' lang='lat' dir='ltr'>de</span> <span class='ocrx_word' id='word_1_15' title='bbox 1201 212 1314 252; x_wconf 74' lang='lat' dir='ltr'>farma.</span> <span class='ocrx_word' id='word_1_16' title='bbox 1363 215 1393 244; x_wconf 81' lang='lat' dir='ltr'>et</span> 
     </span>
     <span class='ocr_line' id='line_1_3' title="bbox 107 264 1392 307; baseline -0.002 -6"><span class='ocrx_word' id='word_1_17' title='bbox 107 268 178 301; x_wconf 82' lang='lat' dir='ltr'>bene</span> <span class='ocrx_word' id='word_1_18' title='bbox 202 266 367 300; x_wconf 77' lang='lat' dir='ltr'>‘iudicium</span> <span class='ocrx_word' id='word_1_19' title='bbox 389 265 518 299; x_wconf 78' lang='lat' dir='ltr'>Paridis</span> <span class='ocrx_word' id='word_1_20' title='bbox 526 264 545 307; x_wconf 80' lang='lat'>²,</span> <span class='ocrx_word' id='word_1_21' title='bbox 568 275 632 298; x_wconf 88' lang='lat' dir='ltr'>non</span> <span class='ocrx_word' id='word_1_22' title='bbox 652 265 758 305; x_wconf 72' lang='lat' dir='ltr'>favor,</span> <span class='ocrx_word' id='word_1_23' title='bbox 785 275 823 297; x_wconf 80' lang='lat' dir='ltr'>ne</span> <span class='ocrx_word' id='word_1_24' title='bbox 849 275 883 296; x_wconf 82' lang='lat' dir='ltr'>re</span> <span class='ocrx_word' id='word_1_25' title='bbox 908 275 982 297; x_wconf 78' lang='lat' dir='ltr'>vera</span> <span class='ocrx_word' id='word_1_26' title='bbox 1008 266 1149 297; x_wconf 80' lang='lat' dir='ltr'>videatur</span> <span class='ocrx_word' id='word_1_27' title='bbox 1176 265 1302 305; x_wconf 82' lang='lat' dir='ltr'>offensa.</span> <span class='ocrx_word' id='word_1_28' title='bbox 1347 267 1392 298; x_wconf 84' lang='lat' dir='ltr'>sic</span> 
     </span>
     <span class='ocr_line' id='line_1_4' title="bbox 106 318 1391 363; baseline -0.003 -9"><span class='ocrx_word' id='word_1_29' title='bbox 106 323 190 354; x_wconf 80' lang='lat' dir='ltr'>enim</span> <span class='ocrx_word' id='word_1_30' title='bbox 221 321 287 363; x_wconf 68' lang='lat' dir='ltr'>aqit</span> <span class='ocrx_word' id='word_1_31' title='bbox 311 322 417 362; x_wconf 75' lang='lat' dir='ltr'>poeta,</span> <span class='ocrx_word' id='word_1_32' title='bbox 448 321 484 351; x_wconf 79' lang='lat' dir='ltr'>ut</span> <span class='ocrx_word' id='word_1_33' title='bbox 514 321 543 351; x_wconf 78' lang='lat' dir='ltr'>et</span> <span class='ocrx_word' id='word_1_34' title='bbox 569 318 652 350; x_wconf 89' lang='lat' dir='ltr'>Iuno</span> <span class='ocrx_word' id='word_1_35' title='bbox 684 328 796 351; x_wconf 79' lang='lat' dir='ltr'><strong><em>causas</em></strong></span> <span class='ocrx_word' id='word_1_36' title='bbox 824 319 977 350; x_wconf 83' lang='lat' dir='ltr'>irascendi</span> <span class='ocrx_word' id='word_1_37' title='bbox 1008 318 1131 360; x_wconf 80' lang='lat' dir='ltr'>habeat,</span> <span class='ocrx_word' id='word_1_38' title='bbox 1163 321 1192 350; x_wconf 73' lang='lat' dir='ltr'>et</span> <span class='ocrx_word' id='word_1_39' title='bbox 1223 321 1325 351; x_wconf 77' lang='lat' dir='ltr'>tamen</span> <span class='ocrx_word' id='word_1_40' title='bbox 1355 319 1391 351; x_wconf 80' lang='lat' dir='ltr'>in</span> 
     </span>
     <span class='ocr_line' id='line_1_5' title="bbox 108 373 1391 414; baseline -0.003 -6"><span class='ocrx_word' id='word_1_41' title='bbox 108 375 215 408; x_wconf 81' lang='lat' dir='ltr'>Aenea</span> <span class='ocrx_word' id='word_1_42' title='bbox 235 373 324 406; x_wconf 79' lang='lat' dir='ltr'>nulla</span> <span class='ocrx_word' id='word_1_43' title='bbox 345 373 388 405; x_wconf 76' lang='lat' dir='ltr'>sit</span> <span class='ocrx_word' id='word_1_44' title='bbox 412 373 512 413; x_wconf 77' lang='lat' dir='ltr'>culpa.</span> <span class='ocrx_word' id='word_1_45' title='bbox 603 380 833 410; x_wconf 79' lang='lat' dir='ltr'>SPRETAEQVE</span> <span class='ocrx_word' id='word_1_46' title='bbox 862 380 1002 403; x_wconf 73' lang='lat' dir='ltr'>nuva</span> <span class='ocrx_word' id='word_1_47' title='bbox 1030 380 1172 404; x_wconf 78' lang='lat' dir='ltr'>FORMAE</span> <span class='ocrx_word' id='word_1_48' title='bbox 1202 373 1391 414; x_wconf 83' lang='lat' dir='ltr'>epexegesis</span> 
     </span>
     <span class='ocr_line' id='line_1_6' title="bbox 109 423 1392 471; baseline -0.002 -10"><span class='ocrx_word' id='word_1_49' title='bbox 109 431 172 471; x_wconf 85' lang='lat' dir='ltr'>est,</span> <span class='ocrx_word' id='word_1_50' title='bbox 194 427 256 459; x_wconf 83' lang='lat' dir='ltr'>hoc</span> <span class='ocrx_word' id='word_1_51' title='bbox 277 426 362 459; x_wconf 80' lang='lat' dir='ltr'>enim</span> <span class='ocrx_word' id='word_1_52' title='bbox 385 426 450 458; x_wconf 87' lang='lat' dir='ltr'>fuit</span> <span class='ocrx_word' id='word_1_53' title='bbox 472 425 628 458; x_wconf 87' lang='lat' dir='ltr'>iudicium</span> <span class='ocrx_word' id='word_1_54' title='bbox 647 425 787 457; x_wconf 84' lang='lat' dir='ltr'>Paridis:</span> <span class='ocrx_word' id='word_1_55' title='bbox 811 426 848 457; x_wconf 90' lang='lat' dir='ltr'>ut</span> <span class='ocrx_word' id='word_1_56' title='bbox 872 423 967 466; x_wconf 74' lang='lat' dir='ltr'>‘que&#39;</span> <span class='ocrx_word' id='word_1_57' title='bbox 991 424 1154 466; x_wconf 88' lang='lat' dir='ltr'>particula</span> <span class='ocrx_word' id='word_1_58' title='bbox 1177 428 1283 467; x_wconf 85' lang='lat' dir='ltr'>vacet,</span> <span class='ocrx_word' id='word_1_59' title='bbox 1308 426 1392 458; x_wconf 85' lang='lat' dir='ltr'>sicut</span> 
     </span>
     <span class='ocr_line' id='line_1_7' title="bbox 107 477 1392 522; baseline -0.002 -8"><span class='ocrx_word' id='word_1_60' title='bbox 107 481 166 515; x_wconf 84' lang='lat' dir='ltr'>illo</span> <span class='ocrx_word' id='word_1_61' title='bbox 188 481 259 513; x_wconf 86' lang='lat' dir='ltr'>loco</span> <span class='ocrx_word' id='word_1_62' title='bbox 287 480 466 522; x_wconf 74' lang='lat' dir='ltr'>dixitque</span> <span class='ocrx_word' id='word_1_63' title='bbox 495 481 534 511; x_wconf 83' lang='lat' dir='ltr'>et</span> <span class='ocrx_word' id='word_1_64' title='bbox 560 478 712 521; x_wconf 89' lang='lat' dir='ltr'>proelia</span> <span class='ocrx_word' id='word_1_65' title='bbox 739 489 830 510; x_wconf 88' lang='lat' dir='ltr'>voce</span> <span class='ocrx_word' id='word_1_66' title='bbox 859 477 1026 510; x_wconf 89' lang='lat' dir='ltr'>diremit.</span> <span class='ocrx_word' id='word_1_67' title='bbox 1072 478 1149 510; x_wconf 87' lang='lat' dir='ltr'>licet</span> <span class='ocrx_word' id='word_1_68' title='bbox 1178 479 1273 511; x_wconf 89' lang='lat' dir='ltr'>multi</span> <span class='ocrx_word' id='word_1_69' title='bbox 1302 490 1392 521; x_wconf 88' lang='lat' dir='ltr'>sepa-</span> 
     </span>
     <span class='ocr_line' id='line_1_8' title="bbox 106 531 1392 574; baseline -0.004 -6"><span class='ocrx_word' id='word_1_70' title='bbox 106 536 180 568; x_wconf 80' lang='lat' dir='ltr'>rent</span> <span class='ocrx_word' id='word_1_71' title='bbox 208 533 352 566; x_wconf 84' lang='lat' dir='ltr'>dicentes</span> <span class='ocrx_word' id='word_1_72' title='bbox 383 533 471 565; x_wconf 85' lang='lat' dir='ltr'>aliud</span> <span class='ocrx_word' id='word_1_73' title='bbox 501 543 586 572; x_wconf 83' lang='lat' dir='ltr'>esse3</span> <span class='ocrx_word' id='word_1_74' title='bbox 621 543 798 574; x_wconf 86' lang='lat' dir='ltr'><strong>numquam</strong></span> <span class='ocrx_word' id='word_1_75' title='bbox 830 532 917 563; x_wconf 89' lang='lat' dir='ltr'>enim</span> <span class='ocrx_word' id='word_1_76' title='bbox 950 531 1133 564; x_wconf 86' lang='lat' dir='ltr'>coniunctio</span> <span class='ocrx_word' id='word_1_77' title='bbox 1164 532 1298 573; x_wconf 82' lang='lat' dir='ltr'>ponitur</span> <span class='ocrx_word' id='word_1_78' title='bbox 1327 532 1392 564; x_wconf 88' lang='lat' dir='ltr'>nisi</span> 
     </span>
     <span class='ocr_line' id='line_1_9' title="bbox 106 584 1391 628; baseline -0.002 -8"><span class='ocrx_word' id='word_1_79' title='bbox 106 587 192 621; x_wconf 85' lang='lat' dir='ltr'>inter</span> <span class='ocrx_word' id='word_1_80' title='bbox 216 587 295 619; x_wconf 90' lang='lat' dir='ltr'>duas</span> <span class='ocrx_word' id='word_1_81' title='bbox 318 598 379 619; x_wconf 87' lang='lat' dir='ltr'>res.</span> <span class='ocrx_word' id='word_1_82' title='bbox 425 589 458 619; x_wconf 85' lang='lat' dir='ltr'>et</span> <span class='ocrx_word' id='word_1_83' title='bbox 487 586 632 628; x_wconf 71' lang='lat' dir='ltr'>‘spretae</span> <span class='ocrx_word' id='word_1_84' title='bbox 660 585 800 618; x_wconf 81' lang='lat' dir='ltr'>formae&#39;</span> <span class='ocrx_word' id='word_1_85' title='bbox 828 585 974 617; x_wconf 87' lang='lat' dir='ltr'>referunt</span> <span class='ocrx_word' id='word_1_86' title='bbox 1002 585 1042 617; x_wconf 85' lang='lat' dir='ltr'>ad</span> <span class='ocrx_word' id='word_1_87' title='bbox 1069 584 1270 627; x_wconf 86' lang='lat' dir='ltr'>Antigonam</span> <span class='ocrx_word' id='word_1_88' title='bbox 1278 611 1286 627; x_wconf 90' lang='lat'><em>‚</em></span> <span class='ocrx_word' id='word_1_89' title='bbox 1310 585 1391 618; x_wconf 89' lang='lat' dir='ltr'>Lao-</span> 
     </span>
     <span class='ocr_line' id='line_1_10' title="bbox 105 638 1391 682; baseline -0.002 -9"><span class='ocrx_word' id='word_1_90' title='bbox 105 640 266 673; x_wconf 83' lang='lat' dir='ltr'>medontis</span> <span class='ocrx_word' id='word_1_91' title='bbox 296 641 413 682; x_wconf 85' lang='lat' dir='ltr'>filiam,</span> <span class='ocrx_word' id='word_1_92' title='bbox 445 651 542 682; x_wconf 83' lang='lat' dir='ltr'>quam</span> <span class='ocrx_word' id='word_1_93' title='bbox 574 651 593 671; x_wconf 82' lang='lat' dir='ltr'>a</span> <span class='ocrx_word' id='word_1_94' title='bbox 623 639 747 671; x_wconf 88' lang='lat' dir='ltr'>Iunone</span> <span class='ocrx_word' id='word_1_95' title='bbox 777 640 913 680; x_wconf 86' lang='lat' dir='ltr'>propter</span> <span class='ocrx_word' id='word_1_96' title='bbox 942 638 1066 670; x_wconf 86' lang='lat' dir='ltr'>formae</span> <span class='ocrx_word' id='word_1_97' title='bbox 1100 639 1327 681; x_wconf 79' lang='lat' dir='ltr'>adrogantiam</span> <span class='ocrx_word' id='word_1_98' title='bbox 1357 639 1391 671; x_wconf 89' lang='lat' dir='ltr'>in</span> 
     </span>
     <span class='ocr_line' id='line_1_11' title="bbox 105 691 733 728; baseline -0.003 -1"><span class='ocrx_word' id='word_1_99' title='bbox 105 694 263 728; x_wconf 74' lang='lat' dir='ltr'><strong>ciconiam</strong></span> <span class='ocrx_word' id='word_1_100' title='bbox 286 695 417 726; x_wconf 84' lang='lat' dir='ltr'>constat</span> <span class='ocrx_word' id='word_1_101' title='bbox 441 704 512 726; x_wconf 88' lang='lat' dir='ltr'>esse</span> <span class='ocrx_word' id='word_1_102' title='bbox 536 691 733 726; x_wconf 82' lang='lat' dir='ltr'>conversam.</span> 
     </span>
    </p>

    <p class='ocr_par' dir='ltr' id='par_1_3' title="bbox 103 744 1388 1056">
     <span class='ocr_line' id='line_1_12' title="bbox 193 744 1388 791; baseline -0.002 -12"><span class='ocrx_word' id='word_1_103' title='bbox 193 747 245 780; x_wconf 88' lang='grc'>28.</span> <span class='ocrx_word' id='word_1_104' title='bbox 282 756 327 779; x_wconf 73' lang='grc' dir='ltr'>Εἰ·</span> <span class='ocrx_word' id='word_1_105' title='bbox 343 755 473 791; x_wconf 49' lang='grc' dir='ltr'>,αΕΝνε</span> <span class='ocrx_word' id='word_1_106' title='bbox 510 755 658 779; x_wconf 78' lang='lat' dir='ltr'>1Nv1va</span> <span class='ocrx_word' id='word_1_107' title='bbox 692 748 825 788; x_wconf 82' lang='lat' dir='ltr'>propter</span> <span class='ocrx_word' id='word_1_108' title='bbox 854 745 1044 777; x_wconf 84' lang='lat' dir='ltr'>Dardanum</span> <span class='ocrx_word' id='word_1_109' title='bbox 1071 744 1222 777; x_wconf 74' lang='lat' dir='ltr'>Electrae</span> <span class='ocrx_word' id='word_1_110' title='bbox 1254 746 1388 788; x_wconf 79' lang='lat' dir='ltr'>paelicis</span> 
     </span>
     <span class='ocr_line' id='line_1_13' title="bbox 104 798 1388 842; baseline -0.002 -9"><span class='ocrx_word' id='word_1_111' title='bbox 104 801 218 834; x_wconf 85' lang='lat' dir='ltr'>filium.</span> <span class='ocrx_word' id='word_1_112' title='bbox 307 809 413 832; x_wconf 80' lang='lat' dir='ltr'>RAPTI</span> <span class='ocrx_word' id='word_1_113' title='bbox 441 800 596 842; x_wconf 88' lang='lat' dir='ltr'>stuprati,</span> <span class='ocrx_word' id='word_1_114' title='bbox 625 802 661 832; x_wconf 88' lang='lat' dir='ltr'>ut</span> <span class='ocrx_word' id='word_1_115' title='bbox 689 802 739 832; x_wconf 87' lang='lat' dir='ltr'>est</span> <span class='ocrx_word' id='word_1_116' title='bbox 767 801 881 841; x_wconf 85' lang='lat' dir='ltr'>rapta</span> <span class='ocrx_word' id='word_1_117' title='bbox 909 798 1186 831; x_wconf 82' lang='lat' dir='ltr'>Garamantide</span> <span class='ocrx_word' id='word_1_118' title='bbox 1213 799 1388 841; x_wconf 83' lang='lat' dir='ltr'>nympha.</span> 
     </span>
     <span class='ocr_line' id='line_1_14' title="bbox 103 853 1388 896; baseline -0.002 -9"><span class='ocrx_word' id='word_1_119' title='bbox 103 855 183 888; x_wconf 84' lang='lat' dir='ltr'>item</span> <span class='ocrx_word' id='word_1_120' title='bbox 213 857 251 887; x_wconf 86' lang='lat' dir='ltr'>et</span> <span class='ocrx_word' id='word_1_121' title='bbox 279 858 415 896; x_wconf 83' lang='lat' dir='ltr'>raptas</span> <span class='ocrx_word' id='word_1_122' title='bbox 446 854 530 886; x_wconf 88' lang='lat' dir='ltr'>sine</span> <span class='ocrx_word' id='word_1_123' title='bbox 560 865 663 886; x_wconf 87' lang='lat' dir='ltr'>more</span> <span class='ocrx_word' id='word_1_124' title='bbox 693 853 866 886; x_wconf 84' lang='lat' dir='ltr'>Sabinas.</span> <span class='ocrx_word' id='word_1_125' title='bbox 915 853 961 885; x_wconf 80' lang='lat' dir='ltr'>vel</span> <span class='ocrx_word' id='word_1_126' title='bbox 990 855 1066 884; x_wconf 75' lang='lat' dir='ltr'>certe</span> <span class='ocrx_word' id='word_1_127' title='bbox 1094 853 1176 893; x_wconf 78' lang='lat' dir='ltr'>quod</span> <span class='ocrx_word' id='word_1_128' title='bbox 1200 854 1244 885; x_wconf 86' lang='lat' dir='ltr'>ad</span> <span class='ocrx_word' id='word_1_129' title='bbox 1271 853 1388 885; x_wconf 80' lang='lat' dir='ltr'>caelum</span> 
     </span>
     <span class='ocr_line' id='line_1_15' title="bbox 103 906 1388 950; baseline -0.002 -9"><span class='ocrx_word' id='word_1_130' title='bbox 103 911 214 950; x_wconf 61' lang='lat' dir='ltr'>rapias</span> <span class='ocrx_word' id='word_1_131' title='bbox 234 909 277 941; x_wconf 74' lang='lat' dir='ltr'>sit</span> <span class='ocrx_word' id='word_1_132' title='bbox 297 919 318 940; x_wconf 91' lang='lat' dir='ltr'>a</span> <span class='ocrx_word' id='word_1_133' title='bbox 340 908 413 940; x_wconf 82' lang='lat' dir='ltr'>Iove</span> <span class='ocrx_word' id='word_1_134' title='bbox 430 919 488 949; x_wconf 77' lang='lat' dir='ltr'>per</span> <span class='ocrx_word' id='word_1_135' title='bbox 510 908 663 948; x_wconf 78' lang='lat' dir='ltr'>aquilam,</span> <span class='ocrx_word' id='word_1_136' title='bbox 685 910 722 939; x_wconf 71' lang='lat' dir='ltr'>ut</span> <span class='ocrx_word' id='word_1_137' title='bbox 747 907 938 939; x_wconf 82' lang='lat' dir='ltr'>sublimem</span> <span class='ocrx_word' id='word_1_138' title='bbox 955 906 1112 947; x_wconf 75' lang='lat' dir='ltr'>pedibus</span> <span class='ocrx_word' id='word_1_139' title='bbox 1133 907 1263 947; x_wconf 77' lang='lat' dir='ltr'>rapuit</span> <span class='ocrx_word' id='word_1_140' title='bbox 1284 907 1388 939; x_wconf 80' lang='lat' dir='ltr'>Iovis</span> 
     </span>
     <span class='ocr_line' id='line_1_16' title="bbox 104 959 1386 1003; baseline -0.002 -9"><span class='ocrx_word' id='word_1_141' title='bbox 104 963 266 1003; x_wconf 76' lang='lat' dir='ltr'>armiyer</span> <span class='ocrx_word' id='word_1_142' title='bbox 292 962 405 994; x_wconf 79' lang='lat' dir='ltr'>uncis.</span> <span class='ocrx_word' id='word_1_143' title='bbox 499 970 706 993; x_wconf 78' lang='lat' dir='ltr'>GAMYMEDIS</span> <span class='ocrx_word' id='word_1_144' title='bbox 735 969 899 993; x_wconf 82' lang='lat' dir='ltr'><strong>HONORES</strong></span> <span class='ocrx_word' id='word_1_145' title='bbox 928 960 1019 1003; x_wconf 83' lang='lat' dir='ltr'>Troi,</span> <span class='ocrx_word' id='word_1_146' title='bbox 1048 960 1134 1002; x_wconf 87' lang='lat' dir='ltr'>regis</span> <span class='ocrx_word' id='word_1_147' title='bbox 1163 959 1386 1002; x_wconf 82' lang='lat' dir='ltr'>Troianorum,</span> 
     </span>
     <span class='ocr_line' id='line_1_17' title="bbox 103 1014 1387 1056; baseline -0.002 -8"><span class='ocrx_word' id='word_1_148' title='bbox 103 1015 171 1048; x_wconf 87' lang='lat' dir='ltr'>filii.</span> <span class='ocrx_word' id='word_1_149' title='bbox 224 1015 395 1048; x_wconf 77' lang='lat' dir='ltr'>‘honores&#39;</span> <span class='ocrx_word' id='word_1_150' title='bbox 429 1017 537 1047; x_wconf 88' lang='lat' dir='ltr'>autem</span> <span class='ocrx_word' id='word_1_151' title='bbox 570 1015 653 1047; x_wconf 87' lang='lat' dir='ltr'>dixit</span> <span class='ocrx_word' id='word_1_152' title='bbox 683 1015 736 1047; x_wconf 87' lang='lat' dir='ltr'>vel</span> <span class='ocrx_word' id='word_1_153' title='bbox 768 1016 901 1056; x_wconf 89' lang='lat' dir='ltr'>propter</span> <span class='ocrx_word' id='word_1_154' title='bbox 938 1014 1156 1046; x_wconf 86' lang='lat' dir='ltr'>ministerium</span> <span class='ocrx_word' id='word_1_155' title='bbox 1187 1014 1387 1056; x_wconf 85' lang='lat' dir='ltr'>poculorum,</span> 
     </span>
    </p>
   </div>
   <div class='ocr_carea' id='block_1_3' title="bbox 105 1091 318 1097">
    <p class='ocr_par' dir='ltr' id='par_1_4' title="bbox 105 1091 318 1097">
     <span class='ocr_line' id='line_1_18' title="bbox 105 1091 318 1097; baseline 0 0"><span class='ocrx_word' id='word_1_156' title='bbox 105 1091 318 1097; x_wconf 95' lang='lat' dir='ltr'> </span> 
     </span>
    </p>
   </div>
   <div class='ocr_carea' id='block_1_4' title="bbox 105 1137 1387 1244">
    <p class='ocr_par' dir='ltr' id='par_1_5' title="bbox 105 1137 1387 1244">
     <span class='ocr_line' id='line_1_19' title="bbox 175 1137 1387 1174; baseline -0.002 -8"><span class='ocrx_word' id='word_1_157' title='bbox 175 1143 192 1166; x_wconf 83' lang='grc'>6</span> <span class='ocrx_word' id='word_1_158' title='bbox 218 1139 356 1174; x_wconf 71' lang='lat' dir='ltr'>dixitque]</span> <span class='ocrx_word' id='word_1_159' title='bbox 383 1139 415 1165; x_wconf 92' lang='lat' dir='ltr'>A.</span> <span class='ocrx_word' id='word_1_160' title='bbox 439 1138 464 1164; x_wconf 89' lang='lat' dir='ltr'><strong>V</strong></span> <span class='ocrx_word' id='word_1_161' title='bbox 488 1141 539 1165; x_wconf 81' lang='lat'>467</span> <span class='ocrx_word' id='word_1_162' title='bbox 563 1139 572 1171; x_wconf 87' lang='grc' dir='ltr'>ΙΙ</span> <span class='ocrx_word' id='word_1_163' title='bbox 595 1141 610 1164; x_wconf 89' lang='grc'>8</span> <span class='ocrx_word' id='word_1_164' title='bbox 637 1138 806 1172; x_wconf 82' lang='lat' dir='ltr'>Antigonam</span> <span class='ocrx_word' id='word_1_165' title='bbox 833 1146 855 1164; x_wconf 89' lang='lat' dir='ltr'>e.</span> <span class='ocrx_word' id='word_1_166' title='bbox 880 1146 906 1171; x_wconf 94' lang='lat' dir='ltr'>q.</span> <span class='ocrx_word' id='word_1_167' title='bbox 931 1137 965 1172; x_wconf 92' lang='lat' dir='ltr'>s.]</span> <span class='ocrx_word' id='word_1_168' title='bbox 992 1145 1077 1164; x_wconf 83' lang='lat' dir='ltr'>exscr.</span> <span class='ocrx_word' id='word_1_169' title='bbox 1104 1147 1132 1163; x_wconf 90' lang='lat' dir='ltr'>m</span> <span class='ocrx_word' id='word_1_170' title='bbox 1133 1137 1245 1172; x_wconf 85' lang='lat' dir='ltr'>y.thogr</span> <span class='ocrx_word' id='word_1_171' title='bbox 1270 1138 1294 1163; x_wconf 90' lang='grc' dir='ltr'>ΙΙ</span> <span class='ocrx_word' id='word_1_172' title='bbox 1319 1140 1352 1163; x_wconf 85' lang='grc'>69</span> <span class='ocrx_word' id='word_1_173' title='bbox 1378 1137 1387 1171; x_wconf 91' lang='grc' dir='ltr'>ΙΙ</span> 
     </span>
     <span class='ocr_line' id='line_1_20' title="bbox 105 1147 1387 1210; baseline -0.002 -8"><span class='ocrx_word' id='word_1_174' title='bbox 105 1178 138 1202; x_wconf 79' lang='grc'>12</span> <span class='ocrx_word' id='word_1_175' title='bbox 157 1175 251 1210; x_wconf 79' lang='lat' dir='ltr'>rapta]</span> <span class='ocrx_word' id='word_1_176' title='bbox 270 1176 302 1202; x_wconf 91' lang='lat' dir='ltr'>A</span> <span class='ocrx_word' id='word_1_177' title='bbox 322 1175 361 1201; x_wconf 90' lang='lat' dir='ltr'>lV</span> <span class='ocrx_word' id='word_1_178' title='bbox 381 1177 431 1200; x_wconf 87' lang='lat'>198</span> <span class='ocrx_word' id='word_1_179' title='bbox 454 1175 464 1208; x_wconf 74' lang='lat' dir='ltr'>fl</span> <span class='ocrx_word' id='word_1_180' title='bbox 488 1177 520 1200; x_wconf 90' lang='lat'>13</span> <span class='ocrx_word' id='word_1_181' title='bbox 544 1175 573 1200; x_wconf 86' lang='lat' dir='ltr'>et</span> <span class='ocrx_word' id='word_1_182' title='bbox 595 1182 625 1200; x_wconf 87' lang='lat' dir='ltr'>ra</span> <span class='ocrx_word' id='word_1_183' title='bbox 628 1147 723 1208; x_wconf 82' lang='lat' dir='ltr'>ptas]g</span> <span class='ocrx_word' id='word_1_184' title='bbox 729 1174 761 1200; x_wconf 92' lang='lat' dir='ltr'>A.</span> <span class='ocrx_word' id='word_1_185' title='bbox 781 1174 846 1200; x_wconf 91' lang='lat' dir='ltr'>VIII</span> <span class='ocrx_word' id='word_1_186' title='bbox 866 1176 916 1199; x_wconf 82' lang='lat'>635</span> <span class='ocrx_word' id='word_1_187' title='bbox 940 1174 950 1207; x_wconf 79' lang='grc' dir='ltr'>ΙΙ</span> <span class='ocrx_word' id='word_1_188' title='bbox 974 1176 1007 1199; x_wconf 81' lang='grc'>14</span> <span class='ocrx_word' id='word_1_189' title='bbox 1031 1173 1190 1208; x_wconf 84' lang='lat' dir='ltr'>sublimem]</span> <span class='ocrx_word' id='word_1_190' title='bbox 1212 1174 1243 1200; x_wconf 93' lang='lat' dir='ltr'>A.</span> <span class='ocrx_word' id='word_1_191' title='bbox 1264 1173 1288 1199; x_wconf 92' lang='lat' dir='ltr'>V</span> <span class='ocrx_word' id='word_1_192' title='bbox 1308 1176 1359 1199; x_wconf 85' lang='lat'>255</span> <span class='ocrx_word' id='word_1_193' title='bbox 1378 1172 1387 1207; x_wconf 76' lang='grc' dir='ltr'>Η</span> 
     </span>
     <span class='ocr_line' id='line_1_21' title="bbox 105 1208 1271 1244; baseline -0.003 -6"><span class='ocrx_word' id='word_1_194' title='bbox 105 1214 138 1238; x_wconf 86' lang='grc'>16</span> <span class='ocrx_word' id='word_1_195' title='bbox 156 1211 275 1238; x_wconf 82' lang='lat' dir='ltr'>honores</span> <span class='ocrx_word' id='word_1_196' title='bbox 295 1232 322 1238; x_wconf 94' lang='lat'>..</span> <span class='ocrx_word' id='word_1_197' title='bbox 340 1209 435 1244; x_wconf 83' lang='lat' dir='ltr'>fi.lia]</span> <span class='ocrx_word' id='word_1_198' title='bbox 456 1209 594 1244; x_wconf 79' lang='lat' dir='ltr'>mythogr.</span> <span class='ocrx_word' id='word_1_199' title='bbox 615 1209 641 1235; x_wconf 95' lang='lat' dir='ltr'>II</span> <span class='ocrx_word' id='word_1_200' title='bbox 662 1212 721 1236; x_wconf 86' lang='lat'>198.</span> <span class='ocrx_word' id='word_1_201' title='bbox 742 1209 820 1235; x_wconf 80' lang='lat' dir='ltr'>Luet.</span> <span class='ocrx_word' id='word_1_202' title='bbox 841 1209 915 1235; x_wconf 82' lang='lat' dir='ltr'>Plac.</span> <span class='ocrx_word' id='word_1_203' title='bbox 935 1209 971 1235; x_wconf 87' lang='lat' dir='ltr'>ad</span> <span class='ocrx_word' id='word_1_204' title='bbox 991 1208 1061 1236; x_wconf 83' lang='lat' dir='ltr'>Stat.</span> <span class='ocrx_word' id='word_1_205' title='bbox 1081 1208 1168 1235; x_wconf 86' lang='lat' dir='ltr'>Theb.</span> <span class='ocrx_word' id='word_1_206' title='bbox 1190 1208 1200 1234; x_wconf 78' lang='grc' dir='ltr'>Ι</span> <span class='ocrx_word' id='word_1_207' title='bbox 1221 1211 1271 1235; x_wconf 84' lang='grc'>548</span> 
     </span>
    </p>
   </div>
   <div class='ocr_carea' id='block_1_5' title="bbox 107 1274 319 1280">
    <p class='ocr_par' dir='ltr' id='par_1_6' title="bbox 107 1274 319 1280">
     <span class='ocr_line' id='line_1_22' title="bbox 107 1274 319 1280; baseline 0 0"><span class='ocrx_word' id='word_1_208' title='bbox 107 1274 319 1280; x_wconf 95' lang='lat' dir='ltr'> </span> 
     </span>
    </p>
   </div>
   <div class='ocr_carea' id='block_1_6' title="bbox 101 1315 1387 2176">
    <p class='ocr_par' dir='ltr' id='par_1_7' title="bbox 101 1315 1387 2169">
     <span class='ocr_line' id='line_1_23' title="bbox 102 1315 1387 1352; baseline -0.002 -7"><span class='ocrx_word' id='word_1_209' title='bbox 102 1317 241 1345; x_wconf 85' lang='lat' dir='ltr'>Venerem</span> <span class='ocrx_word' id='word_1_210' title='bbox 259 1317 413 1352; x_wconf 87' lang='lat' dir='ltr'>procellere</span> <span class='ocrx_word' id='word_1_211' title='bbox 432 1316 462 1343; x_wconf 88' lang='lat' dir='ltr'>in</span> <span class='ocrx_word' id='word_1_212' title='bbox 487 1316 578 1343; x_wconf 87' lang='lat' dir='ltr'>forma</span> <span class='ocrx_word' id='word_1_213' title='bbox 600 1315 738 1343; x_wconf 81' lang='lat' dir='ltr'>iudicavit</span> <span class='ocrx_word' id='word_1_214' title='bbox 762 1316 806 1342; x_wconf 89' lang='lat' dir='ltr'>his</span> <span class='ocrx_word' id='word_1_215' title='bbox 830 1316 938 1342; x_wconf 83' lang='lat' dir='ltr'>duabus</span> <span class='ocrx_word' id='word_1_216' title='bbox 962 1316 991 1342; x_wconf 87' lang='lat' dir='ltr'>et</span> <span class='ocrx_word' id='word_1_217' title='bbox 1012 1315 1135 1349; x_wconf 89' lang='lat' dir='ltr'>reliquis.</span> <span class='ocrx_word' id='word_1_218' title='bbox 1172 1324 1229 1349; x_wconf 88' lang='lat' dir='ltr'>qua</span> <span class='ocrx_word' id='word_1_219' title='bbox 1251 1324 1284 1342; x_wconf 88' lang='lat' dir='ltr'>ex</span> <span class='ocrx_word' id='word_1_220' title='bbox 1303 1324 1387 1342; x_wconf 81' lang='lat' dir='ltr'>causa</span> 
     </span>
     <span class='ocr_line' id='line_1_24' title="bbox 103 1350 1386 1386; baseline -0.002 -6"><span class='ocrx_word' id='word_1_221' title='bbox 103 1352 216 1380; x_wconf 84' lang='lat' dir='ltr'>Iunonis</span> <span class='ocrx_word' id='word_1_222' title='bbox 238 1352 294 1379; x_wconf 85' lang='lat' dir='ltr'>iras</span> <span class='ocrx_word' id='word_1_223' title='bbox 320 1352 473 1380; x_wconf 82' lang='lat' dir='ltr'>commouit</span> <span class='ocrx_word' id='word_1_224' title='bbox 497 1351 650 1386; x_wconf 70' lang='lat' dir='ltr'>(cognouit)</span> <span class='ocrx_word' id='word_1_225' title='bbox 674 1351 705 1378; x_wconf 89' lang='lat' dir='ltr'>in</span> <span class='ocrx_word' id='word_1_226' title='bbox 723 1351 859 1378; x_wconf 84' lang='lat' dir='ltr'>Troianos</span> <span class='ocrx_word' id='word_1_227' title='bbox 878 1351 1013 1385; x_wconf 77' lang='lat' dir='ltr'>(triarios).</span> <span class='ocrx_word' id='word_1_228' title='bbox 1051 1351 1098 1378; x_wconf 89' lang='lat' dir='ltr'>sed</span> <span class='ocrx_word' id='word_1_229' title='bbox 1117 1351 1171 1378; x_wconf 90' lang='lat' dir='ltr'>hoc</span> <span class='ocrx_word' id='word_1_230' title='bbox 1195 1350 1292 1378; x_wconf 87' lang='lat' dir='ltr'>dicunt</span> <span class='ocrx_word' id='word_1_231' title='bbox 1310 1352 1386 1385; x_wconf 89' lang='lat' dir='ltr'>quod</span> 
     </span>
     <span class='ocr_line' id='line_1_25' title="bbox 103 1386 1387 1422; baseline -0.002 -6"><span class='ocrx_word' id='word_1_232' title='bbox 103 1389 182 1416; x_wconf 78' lang='lat' dir='ltr'>Pms</span> <span class='ocrx_word' id='word_1_233' title='bbox 205 1388 235 1415; x_wconf 85' lang='lat' dir='ltr'>in</span> <span class='ocrx_word' id='word_1_234' title='bbox 259 1396 356 1415; x_wconf 84' lang='lat' dir='ltr'>somno</span> <span class='ocrx_word' id='word_1_235' title='bbox 379 1388 459 1415; x_wconf 77' lang='lat' dir='ltr'>uidit.</span> <span class='ocrx_word' id='word_1_236' title='bbox 498 1387 515 1414; x_wconf 87' lang='lat' dir='ltr'>S</span> <span class='ocrx_word' id='word_1_237' title='bbox 517 1388 668 1422; x_wconf 80' lang='lat' dir='ltr'>pretaeque</span> <span class='ocrx_word' id='word_1_238' title='bbox 692 1386 795 1414; x_wconf 85' lang='lat' dir='ltr'>iniuria</span> <span class='ocrx_word' id='word_1_239' title='bbox 817 1387 936 1422; x_wconf 86' lang='lat' dir='ltr'>formae]</span> <span class='ocrx_word' id='word_1_240' title='bbox 964 1387 1126 1421; x_wconf 77' lang='lat' dir='ltr'>epexegesis</span> <span class='ocrx_word' id='word_1_241' title='bbox 1144 1388 1210 1413; x_wconf 78' lang='lat' dir='ltr'>est.</span> <span class='ocrx_word' id='word_1_242' title='bbox 1250 1408 1255 1413; x_wconf 92' lang='lat'>.</span> <span class='ocrx_word' id='word_1_243' title='bbox 1276 1388 1387 1413; x_wconf 85' lang='lat' dir='ltr'>constat</span> 
     </span>
     <span class='ocr_line' id='line_1_26' title="bbox 104 1422 1386 1465; baseline -0.002 -14"><span class='ocrx_word' id='word_1_244' title='bbox 104 1432 164 1451; x_wconf 83' lang='lat' dir='ltr'>esse</span> <span class='ocrx_word' id='word_1_245' title='bbox 183 1432 354 1465; x_wconf 67' lang='lat' dir='ltr'>conuersum.</span> <span class='ocrx_word' id='word_1_246' title='bbox 379 1424 407 1450; x_wconf 90' lang='lat' dir='ltr'><strong><em>P</em></strong></span> <span class='ocrx_word' id='word_1_247' title='bbox 426 1424 436 1458; x_wconf 78' lang='grc'>11</span> <span class='ocrx_word' id='word_1_248' title='bbox 458 1424 596 1450; x_wconf 77' lang='lat' dir='ltr'>nota..</span> <span class='ocrx_word' id='word_1_249' title='bbox 616 1422 766 1458; x_wconf 85' lang='lat' dir='ltr'>iudicasse]</span> <span class='ocrx_word' id='word_1_250' title='bbox 794 1423 823 1449; x_wconf 93' lang='lat' dir='ltr'>in</span> <span class='ocrx_word' id='word_1_251' title='bbox 849 1431 904 1456; x_wconf 91' lang='lat' dir='ltr'>quo</span> <span class='ocrx_word' id='word_1_252' title='bbox 929 1431 980 1457; x_wconf 87' lang='lat' dir='ltr'>pro</span> <span class='ocrx_word' id='word_1_253' title='bbox 1006 1430 1109 1448; x_wconf 85' lang='lat' dir='ltr'>uenere</span> <span class='ocrx_word' id='word_1_254' title='bbox 1134 1422 1210 1456; x_wconf 85' lang='lat' dir='ltr'>paris</span> <span class='ocrx_word' id='word_1_255' title='bbox 1236 1422 1386 1449; x_wconf 84' lang='lat' dir='ltr'>alexander</span> 
     </span>
     <span class='ocr_line' id='line_1_27' title="bbox 106 1457 1385 1493; baseline -0.002 -7"><span class='ocrx_word' id='word_1_256' title='bbox 106 1460 204 1487; x_wconf 78' lang='lat' dir='ltr'>contra</span> <span class='ocrx_word' id='word_1_257' title='bbox 220 1459 352 1486; x_wconf 81' lang='lat' dir='ltr'>iunonem</span> <span class='ocrx_word' id='word_1_258' title='bbox 371 1460 582 1492; x_wconf 81' lang='lat' dir='ltr'>mineruamque</span> <span class='ocrx_word' id='word_1_259' title='bbox 601 1458 738 1485; x_wconf 83' lang='lat' dir='ltr'>iudicauit</span> <span class='ocrx_word' id='word_1_260' title='bbox 755 1458 827 1484; x_wconf 88' lang='grc' dir='ltr'>ΒΜ</span> <span class='ocrx_word' id='word_1_261' title='bbox 847 1459 856 1492; x_wconf 77' lang='lat' dir='ltr'>ss</span> <span class='ocrx_word' id='word_1_262' title='bbox 881 1462 895 1484; x_wconf 87' lang='lat'>5</span> <span class='ocrx_word' id='word_1_263' title='bbox 915 1458 1002 1493; x_wconf 86' lang='lat' dir='ltr'>enim]</span> <span class='ocrx_word' id='word_1_264' title='bbox 1022 1458 1116 1484; x_wconf 80' lang='lat' dir='ltr'>autem</span> <span class='ocrx_word' id='word_1_265' title='bbox 1137 1457 1160 1483; x_wconf 87' lang='lat' dir='ltr'><em>C</em></span> <span class='ocrx_word' id='word_1_266' title='bbox 1179 1458 1189 1491; x_wconf 85' lang='grc' dir='ltr'>ΙΙ</span> <span class='ocrx_word' id='word_1_267' title='bbox 1211 1466 1265 1491; x_wconf 89' lang='lat' dir='ltr'>que</span> <span class='ocrx_word' id='word_1_268' title='bbox 1291 1459 1385 1484; x_wconf 83' lang='lat' dir='ltr'>autem</span> 
     </span>
     <span class='ocr_line' id='line_1_28' title="bbox 104 1494 1386 1530; baseline -0.002 -8"><span class='ocrx_word' id='word_1_269' title='bbox 104 1495 244 1530; x_wconf 75' lang='lat' dir='ltr'>particula</span> <span class='ocrx_word' id='word_1_270' title='bbox 266 1496 351 1522; x_wconf 76' lang='lat' dir='ltr'>uacat</span> <span class='ocrx_word' id='word_1_271' title='bbox 371 1495 398 1521; x_wconf 88' lang='lat' dir='ltr'><strong><em>P</em></strong></span> <span class='ocrx_word' id='word_1_272' title='bbox 418 1495 482 1530; x_wconf 69' lang='lat' dir='ltr'>[sslf]</span> <span class='ocrx_word' id='word_1_273' title='bbox 499 1496 594 1521; x_wconf 77' lang='lat' dir='ltr'>autem</span> <span class='ocrx_word' id='word_1_274' title='bbox 616 1494 757 1528; x_wconf 85' lang='lat' dir='ltr'>particula</span> <span class='ocrx_word' id='word_1_275' title='bbox 780 1495 864 1521; x_wconf 84' lang='lat' dir='ltr'>uacat</span> <span class='ocrx_word' id='word_1_276' title='bbox 889 1494 912 1520; x_wconf 86' lang='lat'><em>0</em></span> <span class='ocrx_word' id='word_1_277' title='bbox 932 1494 1058 1527; x_wconf 79' lang='lat' dir='ltr'>(rasurae</span> <span class='ocrx_word' id='word_1_278' title='bbox 1081 1494 1113 1520; x_wconf 72' lang='lat' dir='ltr'>ut</span> <span class='ocrx_word' id='word_1_279' title='bbox 1129 1501 1183 1526; x_wconf 87' lang='lat' dir='ltr'>que</span> <span class='ocrx_word' id='word_1_280' title='bbox 1207 1501 1340 1527; x_wconf 78' lang='lat' dir='ltr'>superscr.</span> <span class='ocrx_word' id='word_1_281' title='bbox 1361 1497 1386 1520; x_wconf 77' lang='lat' dir='ltr'>et</span> 
     </span>
     <span class='ocr_line' id='line_1_29' title="bbox 105 1529 1385 1564; baseline -0.002 -6"><span class='ocrx_word' id='word_1_282' title='bbox 105 1531 200 1558; x_wconf 74' lang='lat' dir='ltr'>autem</span> <span class='ocrx_word' id='word_1_283' title='bbox 218 1531 355 1564; x_wconf 75' lang='lat' dir='ltr'>expunaeit</span> <span class='ocrx_word' id='word_1_284' title='bbox 375 1530 408 1557; x_wconf 80' lang='lat'>0³</span> <span class='ocrx_word' id='word_1_285' title='bbox 430 1531 440 1564; x_wconf 82' lang='grc' dir='ltr'>ΙΙ</span> <span class='ocrx_word' id='word_1_286' title='bbox 463 1534 478 1557; x_wconf 84' lang='grc'><strong>6</strong></span> <span class='ocrx_word' id='word_1_287' title='bbox 497 1529 592 1564; x_wconf 83' lang='lat' dir='ltr'>multi]</span> <span class='ocrx_word' id='word_1_288' title='bbox 616 1538 672 1556; x_wconf 87' lang='lat' dir='ltr'>non</span> <span class='ocrx_word' id='word_1_289' title='bbox 690 1529 762 1556; x_wconf 91' lang='lat' dir='ltr'>nulli</span> <span class='ocrx_word' id='word_1_290' title='bbox 780 1530 852 1556; x_wconf 87' lang='grc' dir='ltr'>ΒΜ</span> <span class='ocrx_word' id='word_1_291' title='bbox 871 1531 881 1564; x_wconf 82' lang='grc' dir='ltr'>ΙΙ</span> <span class='ocrx_word' id='word_1_292' title='bbox 904 1533 920 1556; x_wconf 83' lang='grc'>8</span> <span class='ocrx_word' id='word_1_293' title='bbox 940 1529 1046 1556; x_wconf 82' lang='lat' dir='ltr'>formae</span> <span class='ocrx_word' id='word_1_294' title='bbox 1066 1550 1071 1555; x_wconf 96' lang='lat'>.</span> <span class='ocrx_word' id='word_1_295' title='bbox 1136 1529 1242 1555; x_wconf 84' lang='lat' dir='ltr'>formae</span> <span class='ocrx_word' id='word_1_296' title='bbox 1262 1537 1312 1556; x_wconf 89' lang='lat' dir='ltr'>om</span> <span class='ocrx_word' id='word_1_297' title='bbox 1331 1529 1358 1555; x_wconf 90' lang='grc' dir='ltr'>Β</span> <span class='ocrx_word' id='word_1_298' title='bbox 1377 1529 1385 1563; x_wconf 71' lang='grc' dir='ltr'><em>Η</em></span> 
     </span>
     <span class='ocr_line' id='line_1_30' title="bbox 106 1564 1386 1605; baseline -0.002 -12"><span class='ocrx_word' id='word_1_299' title='bbox 106 1565 269 1600; x_wconf 70' lang='lat' dir='ltr'>antigonam</span> <span class='ocrx_word' id='word_1_300' title='bbox 290 1565 356 1592; x_wconf 80' lang='lat' dir='ltr'>GP.-</span> <span class='ocrx_word' id='word_1_301' title='bbox 379 1566 541 1600; x_wconf 82' lang='lat' dir='ltr'>antigonem</span> <span class='ocrx_word' id='word_1_302' title='bbox 560 1566 593 1591; x_wconf 91' lang='lat' dir='ltr'><em>K</em></span> <span class='ocrx_word' id='word_1_303' title='bbox 597 1565 662 1591; x_wconf 85' lang='lat' dir='ltr'>LH</span> <span class='ocrx_word' id='word_1_304' title='bbox 665 1565 702 1591; x_wconf 85' lang='lat' dir='ltr'><em>M</em></span> <span class='ocrx_word' id='word_1_305' title='bbox 722 1566 732 1599; x_wconf 81' lang='grc' dir='ltr'>ΙΙ</span> <span class='ocrx_word' id='word_1_306' title='bbox 757 1569 787 1591; x_wconf 93' lang='grc'>11</span> <span class='ocrx_word' id='word_1_307' title='bbox 808 1566 846 1591; x_wconf 83' lang='lat' dir='ltr'>ad</span> <span class='ocrx_word' id='word_1_308' title='bbox 863 1574 887 1592; x_wconf 86' lang='lat' dir='ltr'>v.</span> <span class='ocrx_word' id='word_1_309' title='bbox 903 1568 937 1591; x_wconf 82' lang='lat'>28</span> <span class='ocrx_word' id='word_1_310' title='bbox 957 1565 994 1591; x_wconf 75' lang='lat' dir='ltr'>Et</span> <span class='ocrx_word' id='word_1_311' title='bbox 1011 1573 1099 1599; x_wconf 84' lang='lat' dir='ltr'>genus</span> <span class='ocrx_word' id='word_1_312' title='bbox 1118 1564 1251 1605; x_wconf 82' lang='lat' dir='ltr'>inuisum]</span> <span class='ocrx_word' id='word_1_313' title='bbox 1272 1566 1386 1599; x_wconf 84' lang='lat' dir='ltr'>propter</span> 
     </span>
     <span class='ocr_line' id='line_1_31' title="bbox 104 1574 1383 1635; baseline -0.002 -7"><span class='ocrx_word' id='word_1_314' title='bbox 104 1601 266 1629; x_wconf 72' lang='lat' dir='ltr'>Dardanum</span> <span class='ocrx_word' id='word_1_315' title='bbox 284 1601 413 1628; x_wconf 79' lang='lat' dir='ltr'>Electrae</span> <span class='ocrx_word' id='word_1_316' title='bbox 436 1601 547 1635; x_wconf 86' lang='lat' dir='ltr'>pellicis</span> <span class='ocrx_word' id='word_1_317' title='bbox 570 1600 671 1634; x_wconf 88' lang='lat' dir='ltr'>filium,</span> <span class='ocrx_word' id='word_1_318' title='bbox 695 1609 766 1635; x_wconf 84' lang='lat' dir='ltr'>quae</span> <span class='ocrx_word' id='word_1_319' title='bbox 790 1602 819 1627; x_wconf 87' lang='lat' dir='ltr'>et</span> <span class='ocrx_word' id='word_1_320' title='bbox 842 1609 910 1627; x_wconf 85' lang='lat' dir='ltr'>uxor</span> <span class='ocrx_word' id='word_1_321' title='bbox 933 1574 1030 1627; x_wconf 88' lang='lat' dir='ltr'>Iouisg</span> <span class='ocrx_word' id='word_1_322' title='bbox 1032 1600 1163 1633; x_wconf 87' lang='lat' dir='ltr'>(iunonis)</span> <span class='ocrx_word' id='word_1_323' title='bbox 1187 1600 1248 1626; x_wconf 78' lang='lat' dir='ltr'>fuit.</span> <span class='ocrx_word' id='word_1_324' title='bbox 1286 1600 1383 1635; x_wconf 79' lang='lat' dir='ltr'>Rapti]</span> 
     </span>
     <span class='ocr_line' id='line_1_32' title="bbox 104 1635 1383 1671; baseline -0.002 -7"><span class='ocrx_word' id='word_1_325' title='bbox 104 1637 238 1671; x_wconf 76' lang='lat' dir='ltr'>stuprati,</span> <span class='ocrx_word' id='word_1_326' title='bbox 256 1636 286 1663; x_wconf 90' lang='lat' dir='ltr'>id</span> <span class='ocrx_word' id='word_1_327' title='bbox 305 1637 348 1663; x_wconf 85' lang='lat' dir='ltr'>est</span> <span class='ocrx_word' id='word_1_328' title='bbox 366 1637 503 1670; x_wconf 81' lang='lat' dir='ltr'>corrupti,</span> <span class='ocrx_word' id='word_1_329' title='bbox 522 1637 554 1663; x_wconf 79' lang='lat' dir='ltr'>ut</span> <span class='ocrx_word' id='word_1_330' title='bbox 573 1637 640 1663; x_wconf 86' lang='lat' dir='ltr'>est.</span> <span class='ocrx_word' id='word_1_331' title='bbox 679 1636 830 1663; x_wconf 77' lang='lat' dir='ltr'>.Sabinas.</span> <span class='ocrx_word' id='word_1_332' title='bbox 859 1636 905 1663; x_wconf 88' lang='lat' dir='ltr'>uel</span> <span class='ocrx_word' id='word_1_333' title='bbox 924 1637 999 1662; x_wconf 85' lang='lat' dir='ltr'>certe</span> <span class='ocrx_word' id='word_1_334' title='bbox 1019 1636 1093 1669; x_wconf 87' lang='lat' dir='ltr'>quod</span> <span class='ocrx_word' id='word_1_335' title='bbox 1113 1635 1149 1662; x_wconf 89' lang='lat' dir='ltr'>ad</span> <span class='ocrx_word' id='word_1_336' title='bbox 1164 1635 1271 1662; x_wconf 86' lang='lat' dir='ltr'>caelum</span> <span class='ocrx_word' id='word_1_337' title='bbox 1288 1637 1383 1670; x_wconf 77' lang='lat' dir='ltr'>raptus</span> 
     </span>
     <span class='ocr_line' id='line_1_33' title="bbox 103 1671 1384 1707; baseline -0.002 -8"><span class='ocrx_word' id='word_1_338' title='bbox 103 1672 140 1700; x_wconf 87' lang='lat' dir='ltr'>sit</span> <span class='ocrx_word' id='word_1_339' title='bbox 157 1680 175 1699; x_wconf 72' lang='lat' dir='ltr'>n</span> <span class='ocrx_word' id='word_1_340' title='bbox 191 1672 259 1699; x_wconf 90' lang='lat' dir='ltr'>Ioue</span> <span class='ocrx_word' id='word_1_341' title='bbox 277 1680 327 1706; x_wconf 87' lang='lat' dir='ltr'>per</span> <span class='ocrx_word' id='word_1_342' title='bbox 345 1672 482 1707; x_wconf 80' lang='lat' dir='ltr'>aquilam,</span> <span class='ocrx_word' id='word_1_343' title='bbox 507 1680 578 1706; x_wconf 87' lang='lat' dir='ltr'>quae</span> <span class='ocrx_word' id='word_1_344' title='bbox 596 1672 670 1699; x_wconf 91' lang='lat' dir='ltr'>Iouis</span> <span class='ocrx_word' id='word_1_345' title='bbox 689 1672 810 1706; x_wconf 87' lang='lat' dir='ltr'>armiger</span> <span class='ocrx_word' id='word_1_346' title='bbox 829 1671 938 1699; x_wconf 86' lang='lat' dir='ltr'>dicitur.</span> <span class='ocrx_word' id='word_1_347' title='bbox 976 1671 1145 1705; x_wconf 86' lang='lat' dir='ltr'>Ganymedis</span> <span class='ocrx_word' id='word_1_348' title='bbox 1165 1671 1297 1706; x_wconf 83' lang='lat' dir='ltr'>honores]</span> <span class='ocrx_word' id='word_1_349' title='bbox 1318 1671 1384 1698; x_wconf 89' lang='lat' dir='ltr'>Troi</span> 
     </span>
     <span class='ocr_line' id='line_1_34' title="bbox 103 1706 1385 1748; baseline -0.002 -12"><span class='ocrx_word' id='word_1_350' title='bbox 103 1730 109 1736; x_wconf 92' lang='lat'>.</span> <span class='ocrx_word' id='word_1_351' title='bbox 127 1728 132 1734; x_wconf 96' lang='lat'>.</span> <span class='ocrx_word' id='word_1_352' title='bbox 148 1730 155 1736; x_wconf 89' lang='lat'>.</span> <span class='ocrx_word' id='word_1_353' title='bbox 180 1707 365 1734; x_wconf 80' lang='lat' dir='ltr'>ministerium</span> <span class='ocrx_word' id='word_1_354' title='bbox 389 1708 555 1748; x_wconf 84' lang='lat' dir='ltr'>poculorum</span> <span class='ocrx_word' id='word_1_355' title='bbox 580 1708 689 1734; x_wconf 79' lang='lat' dir='ltr'>remota</span> <span class='ocrx_word' id='word_1_356' title='bbox 706 1707 784 1734; x_wconf 89' lang='lat' dir='ltr'>Hebe</span> <span class='ocrx_word' id='word_1_357' title='bbox 804 1708 876 1742; x_wconf 85' lang='lat' dir='ltr'>(ab),</span> <span class='ocrx_word' id='word_1_358' title='bbox 902 1707 960 1734; x_wconf 88' lang='lat' dir='ltr'>filia</span> <span class='ocrx_word' id='word_1_359' title='bbox 987 1707 1113 1739; x_wconf 87' lang='lat' dir='ltr'>lunonis,</span> <span class='ocrx_word' id='word_1_360' title='bbox 1138 1707 1183 1733; x_wconf 90' lang='lat' dir='ltr'>uel</span> <span class='ocrx_word' id='word_1_361' title='bbox 1210 1707 1285 1740; x_wconf 87' lang='lat' dir='ltr'>quod</span> <span class='ocrx_word' id='word_1_362' title='bbox 1312 1706 1385 1733; x_wconf 79' lang='lat' dir='ltr'>inter</span> 
     </span>
     <span class='ocr_line' id='line_1_35' title="bbox 103 1742 1383 1777; baseline -0.002 -7"><span class='ocrx_word' id='word_1_363' title='bbox 103 1743 196 1770; x_wconf 79' lang='lat' dir='ltr'>sidera</span> <span class='ocrx_word' id='word_1_364' title='bbox 215 1743 368 1770; x_wconf 77' lang='lat' dir='ltr'>collocatus</span> <span class='ocrx_word' id='word_1_365' title='bbox 387 1743 497 1777; x_wconf 82' lang='lat' dir='ltr'>aquarii</span> <span class='ocrx_word' id='word_1_366' title='bbox 515 1751 616 1770; x_wconf 89' lang='lat' dir='ltr'>nomen</span> <span class='ocrx_word' id='word_1_367' title='bbox 635 1743 753 1777; x_wconf 79' lang='lat' dir='ltr'>accepit</span> <span class='ocrx_word' id='word_1_368' title='bbox 782 1744 811 1770; x_wconf 85' lang='lat' dir='ltr'>et</span> <span class='ocrx_word' id='word_1_369' title='bbox 828 1752 884 1770; x_wconf 89' lang='grc' dir='ltr'>ιιοιι</span> <span class='ocrx_word' id='word_1_370' title='bbox 904 1743 940 1770; x_wconf 90' lang='lat' dir='ltr'>ob</span> <span class='ocrx_word' id='word_1_371' title='bbox 956 1743 1009 1769; x_wconf 90' lang='lat' dir='ltr'>hoc</span> <span class='ocrx_word' id='word_1_372' title='bbox 1028 1744 1139 1769; x_wconf 84' lang='lat' dir='ltr'>tantum</span> <span class='ocrx_word' id='word_1_373' title='bbox 1157 1742 1287 1769; x_wconf 82' lang='lat' dir='ltr'>irascitur</span> <span class='ocrx_word' id='word_1_374' title='bbox 1307 1743 1383 1775; x_wconf 83' lang='lat' dir='ltr'>Iuno,</span> 
     </span>
     <span class='ocr_line' id='line_1_36' title="bbox 103 1778 1383 1813; baseline -0.002 -7"><span class='ocrx_word' id='word_1_375' title='bbox 103 1779 153 1806; x_wconf 77' lang='lat' dir='ltr'>sed</span> <span class='ocrx_word' id='word_1_376' title='bbox 170 1779 245 1813; x_wconf 85' lang='lat' dir='ltr'>quod</span> <span class='ocrx_word' id='word_1_377' title='bbox 263 1779 385 1806; x_wconf 75' lang='lat' dir='ltr'>uiolatus</span> <span class='ocrx_word' id='word_1_378' title='bbox 404 1779 455 1813; x_wconf 79' lang='lat' dir='ltr'>sit,</span> <span class='ocrx_word' id='word_1_379' title='bbox 474 1780 506 1806; x_wconf 81' lang='lat' dir='ltr'>ut</span> <span class='ocrx_word' id='word_1_380' title='bbox 524 1779 634 1806; x_wconf 86' lang='lat' dir='ltr'>diuinos</span> <span class='ocrx_word' id='word_1_381' title='bbox 654 1779 772 1806; x_wconf 87' lang='lat' dir='ltr'>honores</span> <span class='ocrx_word' id='word_1_382' title='bbox 792 1779 1013 1812; x_wconf 76' lang='lat' dir='ltr'>consequeretur.</span> <span class='ocrx_word' id='word_1_383' title='bbox 1035 1778 1063 1804; x_wconf 91' lang='lat' dir='ltr'><em>P</em></span> <span class='ocrx_word' id='word_1_384' title='bbox 1075 1779 1084 1812; x_wconf 87' lang='grc' dir='ltr'>ΙΙ</span> <span class='ocrx_word' id='word_1_385' title='bbox 1097 1779 1211 1812; x_wconf 78' lang='lat' dir='ltr'>propter</span> <span class='ocrx_word' id='word_1_386' title='bbox 1229 1778 1383 1805; x_wconf 83' lang='lat' dir='ltr'>dardanum</span> 
     </span>
     <span class='ocr_line' id='line_1_37' title="bbox 102 1813 1382 1849; baseline -0.002 -7"><span class='ocrx_word' id='word_1_387' title='bbox 102 1814 222 1842; x_wconf 73' lang='lat' dir='ltr'>electrae</span> <span class='ocrx_word' id='word_1_388' title='bbox 239 1814 355 1849; x_wconf 79' lang='lat' dir='ltr'>paelicis</span> <span class='ocrx_word' id='word_1_389' title='bbox 374 1815 463 1841; x_wconf 84' lang='lat' dir='ltr'>filium</span> <span class='ocrx_word' id='word_1_390' title='bbox 478 1815 510 1840; x_wconf 89' lang='lat' dir='ltr'><strong><em>K</em></strong></span> <span class='ocrx_word' id='word_1_391' title='bbox 514 1814 547 1847; x_wconf 84' lang='lat' dir='ltr'>C&#39;</span> <span class='ocrx_word' id='word_1_392' title='bbox 566 1815 625 1841; x_wconf 86' lang='lat' dir='ltr'>nisi</span> <span class='ocrx_word' id='word_1_393' title='bbox 643 1815 714 1848; x_wconf 75' lang='lat' dir='ltr'>quod</span> <span class='ocrx_word' id='word_1_394' title='bbox 732 1815 778 1841; x_wconf 90' lang='lat' dir='ltr'>uel</span> <span class='ocrx_word' id='word_1_395' title='bbox 798 1815 912 1848; x_wconf 85' lang='lat' dir='ltr'>propter</span> <span class='ocrx_word' id='word_1_396' title='bbox 930 1814 1064 1840; x_wconf 85' lang='lat' dir='ltr'>iudicium</span> <span class='ocrx_word' id='word_1_397' title='bbox 1078 1813 1183 1847; x_wconf 84' lang='lat' dir='ltr'>paridis</span> <span class='ocrx_word' id='word_1_398' title='bbox 1201 1814 1277 1846; x_wconf 89' lang='lat' dir='ltr'>quod</span> <span class='ocrx_word' id='word_1_399' title='bbox 1296 1814 1382 1840; x_wconf 90' lang='lat' dir='ltr'>omni-</span> 
     </span>
     <span class='ocr_line' id='line_1_38' title="bbox 1232 1859 1316 1877; baseline 0 0"><span class='ocrx_word' id='word_1_400' title='bbox 1232 1859 1265 1877; x_wconf 59' lang='grc' dir='ltr'>ρει</span> <span class='ocrx_word' id='word_1_401' title='bbox 1268 1860 1316 1877; x_wconf 73' lang='lat' dir='ltr'>crat</span> 
     </span>
     <span class='ocr_line' id='line_1_39' title="bbox 101 1884 1383 1920; baseline -0.002 -7"><span class='ocrx_word' id='word_1_402' title='bbox 101 1886 153 1914; x_wconf 83' lang='lat' dir='ltr'>bus</span> <span class='ocrx_word' id='word_1_403' title='bbox 170 1887 268 1913; x_wconf 86' lang='lat' dir='ltr'>notum</span> <span class='ocrx_word' id='word_1_404' title='bbox 283 1887 326 1912; x_wconf 88' lang='lat' dir='ltr'>est</span> <span class='ocrx_word' id='word_1_405' title='bbox 344 1886 408 1912; x_wconf 85' lang='lat' dir='ltr'>add.</span> <span class='ocrx_word' id='word_1_406' title='bbox 425 1885 458 1918; x_wconf 76' lang='grc' dir='ltr'>Ο,</span> <span class='ocrx_word' id='word_1_407' title='bbox 473 1894 550 1920; x_wconf 69' lang='lat' dir='ltr'>quae·</span> <span class='ocrx_word' id='word_1_408' title='bbox 557 1885 591 1912; x_wconf 80' lang='lat'>0³</span> <span class='ocrx_word' id='word_1_409' title='bbox 604 1888 636 1912; x_wconf 78' lang='lat' dir='ltr'>ut</span> <span class='ocrx_word' id='word_1_410' title='bbox 649 1886 757 1912; x_wconf 78' lang='lat' dir='ltr'>videtur</span> <span class='ocrx_word' id='word_1_411' title='bbox 771 1886 919 1919; x_wconf 69' lang='lat' dir='ltr'>ewpunaeit:</span> <span class='ocrx_word' id='word_1_412' title='bbox 934 1885 1048 1919; x_wconf 80' lang='lat' dir='ltr'>propter</span> <span class='ocrx_word' id='word_1_413' title='bbox 1063 1884 1217 1911; x_wconf 85' lang='lat' dir='ltr'>dardanum</span> <span class='ocrx_word' id='word_1_414' title='bbox 1232 1884 1383 1918; x_wconf 83' lang='lat' dir='ltr'>ectriplicis</span> 
     </span>
     <span class='ocr_line' id='line_1_40' title="bbox 103 1919 1382 1955; baseline -0.002 -7"><span class='ocrx_word' id='word_1_415' title='bbox 103 1922 177 1949; x_wconf 82' lang='lat' dir='ltr'>filiae</span> <span class='ocrx_word' id='word_1_416' title='bbox 196 1921 313 1948; x_wconf 77' lang='lat' dir='ltr'>atlantis</span> <span class='ocrx_word' id='word_1_417' title='bbox 327 1921 416 1948; x_wconf 91' lang='lat' dir='ltr'>filium</span> <span class='ocrx_word' id='word_1_418' title='bbox 435 1930 452 1947; x_wconf 80' lang='lat' dir='ltr'>a</span> <span class='ocrx_word' id='word_1_419' title='bbox 467 1929 521 1955; x_wconf 89' lang='lat' dir='ltr'>quo</span> <span class='ocrx_word' id='word_1_420' title='bbox 536 1921 615 1955; x_wconf 83' lang='lat' dir='ltr'>origo</span> <span class='ocrx_word' id='word_1_421' title='bbox 630 1921 741 1949; x_wconf 84' lang='lat' dir='ltr'>troiana</span> <span class='ocrx_word' id='word_1_422' title='bbox 755 1920 900 1947; x_wconf 78' lang='lat' dir='ltr'>deducitur</span> <span class='ocrx_word' id='word_1_423' title='bbox 914 1921 940 1946; x_wconf 87' lang='lat' dir='ltr'><em>B</em></span> <span class='ocrx_word' id='word_1_424' title='bbox 964 1929 1034 1954; x_wconf 85' lang='lat' dir='ltr'>prop</span> <span class='ocrx_word' id='word_1_425' title='bbox 1017 1921 1079 1954; x_wconf 90' lang='lat' dir='ltr'>pter</span> <span class='ocrx_word' id='word_1_426' title='bbox 1094 1919 1248 1946; x_wconf 85' lang='lat' dir='ltr'>dardanum</span> <span class='ocrx_word' id='word_1_427' title='bbox 1263 1920 1382 1946; x_wconf 65' lang='lat' dir='ltr'>elec-trae</span> 
     </span>
     <span class='ocr_line' id='line_1_41' title="bbox 101 1955 1382 1991; baseline -0.002 -7"><span class='ocrx_word' id='word_1_428' title='bbox 101 1957 176 1984; x_wconf 76' lang='lat' dir='ltr'>filiae</span> <span class='ocrx_word' id='word_1_429' title='bbox 194 1957 309 1984; x_wconf 80' lang='lat' dir='ltr'>atlantis</span> <span class='ocrx_word' id='word_1_430' title='bbox 328 1957 417 1983; x_wconf 88' lang='lat' dir='ltr'>filium</span> <span class='ocrx_word' id='word_1_431' title='bbox 436 1965 454 1983; x_wconf 84' lang='lat' dir='ltr'>a</span> <span class='ocrx_word' id='word_1_432' title='bbox 473 1965 528 1991; x_wconf 90' lang='lat' dir='ltr'>quo</span> <span class='ocrx_word' id='word_1_433' title='bbox 548 1957 626 1991; x_wconf 84' lang='lat' dir='ltr'>origo</span> <span class='ocrx_word' id='word_1_434' title='bbox 645 1957 756 1983; x_wconf 80' lang='lat' dir='ltr'>troiana</span> <span class='ocrx_word' id='word_1_435' title='bbox 770 1956 916 1983; x_wconf 87' lang='lat' dir='ltr'>deducitur</span> <span class='ocrx_word' id='word_1_436' title='bbox 930 1956 1000 1988; x_wconf 84' lang='lat' dir='ltr'>LH,</span> <span class='ocrx_word' id='word_1_437' title='bbox 1019 1957 1075 1982; x_wconf 82' lang='lat' dir='ltr'>nisi</span> <span class='ocrx_word' id='word_1_438' title='bbox 1094 1955 1165 1989; x_wconf 76' lang='lat' dir='ltr'>quod</span> <span class='ocrx_word' id='word_1_439' title='bbox 1179 1958 1244 1988; x_wconf 77' lang='lat' dir='ltr'>post</span> <span class='ocrx_word' id='word_1_440' title='bbox 1263 1955 1382 1982; x_wconf 81' lang='lat' dir='ltr'>electrae</span> 
     </span>
     <span class='ocr_line' id='line_1_42' title="bbox 102 1990 1383 2032; baseline -0.003 -12"><span class='ocrx_word' id='word_1_441' title='bbox 102 1993 166 2021; x_wconf 82' lang='lat' dir='ltr'>add.</span> <span class='ocrx_word' id='word_1_442' title='bbox 189 1993 235 2019; x_wconf 89' lang='lat' dir='ltr'>uel</span> <span class='ocrx_word' id='word_1_443' title='bbox 255 1993 298 2025; x_wconf 87' lang='lat' dir='ltr'>H,</span> <span class='ocrx_word' id='word_1_444' title='bbox 324 1992 422 2027; x_wconf 86' lang='lat' dir='ltr'>pelicis</span> <span class='ocrx_word' id='word_1_445' title='bbox 441 2001 573 2026; x_wconf 76' lang='lat' dir='ltr'>superscr.</span> <span class='ocrx_word' id='word_1_446' title='bbox 595 1993 610 2018; x_wconf 86' lang='lat' dir='ltr'>l.</span> <span class='ocrx_word' id='word_1_447' title='bbox 648 1993 763 2032; x_wconf 74' lang='lat' dir='ltr'>propter</span> <span class='ocrx_word' id='word_1_448' title='bbox 782 1992 934 2018; x_wconf 75' lang='lat' dir='ltr'>dardanum</span> <span class='ocrx_word' id='word_1_449' title='bbox 955 1991 1074 2018; x_wconf 76' lang='lat' dir='ltr'>electrae</span> <span class='ocrx_word' id='word_1_450' title='bbox 1093 1990 1209 2025; x_wconf 86' lang='lat' dir='ltr'>paelicis</span> <span class='ocrx_word' id='word_1_451' title='bbox 1228 1990 1302 2017; x_wconf 85' lang='lat' dir='ltr'>filiae</span> <span class='ocrx_word' id='word_1_452' title='bbox 1322 1991 1383 2017; x_wconf 80' lang='lat' dir='ltr'>ath-</span> 
     </span>
     <span class='ocr_line' id='line_1_43' title="bbox 101 2026 1383 2062; baseline -0.002 -7"><span class='ocrx_word' id='word_1_453' title='bbox 101 2028 187 2056; x_wconf 73' lang='lat' dir='ltr'>lantis</span> <span class='ocrx_word' id='word_1_454' title='bbox 205 2028 293 2055; x_wconf 84' lang='lat' dir='ltr'>filium</span> <span class='ocrx_word' id='word_1_455' title='bbox 312 2037 329 2055; x_wconf 82' lang='lat' dir='ltr'>a</span> <span class='ocrx_word' id='word_1_456' title='bbox 348 2037 402 2062; x_wconf 89' lang='lat' dir='ltr'>quo</span> <span class='ocrx_word' id='word_1_457' title='bbox 422 2028 558 2062; x_wconf 84' lang='lat' dir='ltr'>originem</span> <span class='ocrx_word' id='word_1_458' title='bbox 577 2027 679 2054; x_wconf 77' lang='lat' dir='ltr'>troiani</span> <span class='ocrx_word' id='word_1_459' title='bbox 693 2027 799 2054; x_wconf 83' lang='lat' dir='ltr'>ducunt</span> <span class='ocrx_word' id='word_1_460' title='bbox 815 2028 851 2054; x_wconf 88' lang='lat' dir='ltr'><em>M</em></span> <span class='ocrx_word' id='word_1_461' title='bbox 857 2027 899 2060; x_wconf 76' lang='lat'>0³</span> <span class='ocrx_word' id='word_1_462' title='bbox 917 2028 974 2054; x_wconf 76' lang='lat' dir='ltr'>nisi</span> <span class='ocrx_word' id='word_1_463' title='bbox 987 2028 1059 2061; x_wconf 75' lang='lat' dir='ltr'>quod</span> <span class='ocrx_word' id='word_1_464' title='bbox 1079 2035 1096 2053; x_wconf 91' lang='lat' dir='ltr'>a</span> <span class='ocrx_word' id='word_1_465' title='bbox 1110 2035 1164 2061; x_wconf 89' lang='lat' dir='ltr'>quo</span> <span class='ocrx_word' id='word_1_466' title='bbox 1180 2026 1258 2060; x_wconf 84' lang='lat' dir='ltr'>origo</span> <span class='ocrx_word' id='word_1_467' title='bbox 1273 2026 1383 2053; x_wconf 85' lang='lat' dir='ltr'>troiana</span> 
     </span>
     <span class='ocr_line' id='line_1_44' title="bbox 1168 2072 1178 2090; baseline 0 0"><span class='ocrx_word' id='word_1_468' title='bbox 1168 2072 1178 2090; x_wconf 92' lang='lat'>1</span> 
     </span>
     <span class='ocr_line' id='line_1_45' title="bbox 102 2097 1381 2139; baseline -0.002 -13"><span class='ocrx_word' id='word_1_469' title='bbox 102 2099 248 2127; x_wconf 80' lang='lat' dir='ltr'>deducitur</span> <span class='ocrx_word' id='word_1_470' title='bbox 265 2100 301 2127; x_wconf 80' lang='lat'>0³</span> <span class='ocrx_word' id='word_1_471' title='bbox 328 2101 442 2134; x_wconf 83' lang='lat' dir='ltr'>propter</span> <span class='ocrx_word' id='word_1_472' title='bbox 456 2100 609 2126; x_wconf 79' lang='lat' dir='ltr'>dardanum</span> <span class='ocrx_word' id='word_1_473' title='bbox 625 2099 744 2126; x_wconf 80' lang='lat' dir='ltr'>electrae</span> <span class='ocrx_word' id='word_1_474' title='bbox 759 2098 874 2132; x_wconf 83' lang='lat' dir='ltr'>paelicis</span> <span class='ocrx_word' id='word_1_475' title='bbox 889 2098 985 2125; x_wconf 88' lang='lat' dir='ltr'>filium</span> <span class='ocrx_word' id='word_1_476' title='bbox 1015 2098 1120 2139; x_wconf 73' lang='lat' dir='ltr'>electra</span> <span class='ocrx_word' id='word_1_477' title='bbox 1138 2098 1219 2132; x_wconf 87' lang='lat' dir='ltr'>pelex</span> <span class='ocrx_word' id='word_1_478' title='bbox 1237 2097 1312 2124; x_wconf 74' lang='lat' dir='ltr'>fuit</span> <span class='ocrx_word' id='word_1_479' title='bbox 1305 2106 1381 2124; x_wconf 85' lang='lat' dir='ltr'>luno</span> 
     </span>
     <span class='ocr_line' id='line_1_46' title="bbox 102 2133 1381 2176; baseline -0.002 -14"><span class='ocrx_word' id='word_1_480' title='bbox 102 2135 144 2162; x_wconf 87' lang='lat' dir='ltr'>nis</span> <span class='ocrx_word' id='word_1_481' title='bbox 162 2135 315 2176; x_wconf 71' lang='lat' dir='ltr'>(iouis—</span> <span class='ocrx_word' id='word_1_482' title='bbox 260 2136 300 2168; x_wconf 90' lang='lat' dir='ltr'>D)</span> <span class='ocrx_word' id='word_1_483' title='bbox 320 2144 352 2162; x_wconf 86' lang='lat' dir='ltr'>ex</span> <span class='ocrx_word' id='word_1_484' title='bbox 368 2144 424 2169; x_wconf 86' lang='lat' dir='ltr'>qua</span> <span class='ocrx_word' id='word_1_485' title='bbox 438 2135 578 2162; x_wconf 87' lang='lat' dir='ltr'>dardanus</span> <span class='ocrx_word' id='word_1_486' title='bbox 593 2136 674 2161; x_wconf 87' lang='lat' dir='ltr'>natus</span> <span class='ocrx_word' id='word_1_487' title='bbox 690 2136 745 2167; x_wconf 83' lang='lat' dir='ltr'>est,</span> <span class='ocrx_word' id='word_1_488' title='bbox 765 2143 782 2160; x_wconf 85' lang='lat' dir='ltr'>a</span> <span class='ocrx_word' id='word_1_489' title='bbox 796 2142 850 2167; x_wconf 89' lang='lat' dir='ltr'>quo</span> <span class='ocrx_word' id='word_1_490' title='bbox 865 2134 980 2160; x_wconf 86' lang='lat' dir='ltr'>Troiani</span> <span class='ocrx_word' id='word_1_491' title='bbox 995 2133 1131 2168; x_wconf 86' lang='lat' dir='ltr'>originem</span> <span class='ocrx_word' id='word_1_492' title='bbox 1145 2133 1251 2160; x_wconf 88' lang='lat' dir='ltr'>ducunt</span> <span class='ocrx_word' id='word_1_493' title='bbox 1270 2134 1381 2160; x_wconf 77' lang='lat' dir='ltr'>Karali-</span> 
     </span>
    </p>
   </div>
   <div class='ocr_carea' id='block_1_7' title="bbox 102 2177 1383 2393">
    <p class='ocr_par' dir='ltr' id='par_1_8' title="bbox 102 2177 1383 2393">
     <span class='ocr_line' id='line_1_47' title="bbox 103 2177 1382 2213; baseline -0.002 -7"><span class='ocrx_word' id='word_1_494' title='bbox 103 2180 227 2206; x_wconf 71' lang='lat' dir='ltr'>ruhensis</span> <span class='ocrx_word' id='word_1_495' title='bbox 247 2180 352 2206; x_wconf 77' lang='lat' dir='ltr'><em>CXVI</em></span> <span class='ocrx_word' id='word_1_496' title='bbox 369 2182 394 2206; x_wconf 80' lang='lat' dir='ltr'>et</span> <span class='ocrx_word' id='word_1_497' title='bbox 413 2180 442 2205; x_wconf 88' lang='lat' dir='ltr'><em>D</em></span> <span class='ocrx_word' id='word_1_498' title='bbox 464 2180 473 2213; x_wconf 91' lang='grc' dir='ltr'>ΙΙ</span> <span class='ocrx_word' id='word_1_499' title='bbox 497 2183 529 2206; x_wconf 84' lang='grc'>12</span> <span class='ocrx_word' id='word_1_500' title='bbox 550 2181 581 2206; x_wconf 81' lang='lat' dir='ltr'>ut</span> <span class='ocrx_word' id='word_1_501' title='bbox 599 2180 642 2205; x_wconf 85' lang='lat' dir='ltr'>est</span> <span class='ocrx_word' id='word_1_502' title='bbox 660 2178 764 2205; x_wconf 81' lang='lat' dir='ltr'><em>BOH:</em></span> <span class='ocrx_word' id='word_1_503' title='bbox 784 2178 851 2205; x_wconf 85' lang='lat' dir='ltr'>alibi</span> <span class='ocrx_word' id='word_1_504' title='bbox 871 2179 900 2204; x_wconf 87' lang='lat' dir='ltr'>et</span> <span class='ocrx_word' id='word_1_505' title='bbox 918 2179 991 2204; x_wconf 90' lang='grc' dir='ltr'>ΚΜ</span> <span class='ocrx_word' id='word_1_506' title='bbox 1008 2179 1039 2205; x_wconf 82' lang='lat' dir='ltr'>ut</span> <span class='ocrx_word' id='word_1_507' title='bbox 1058 2178 1127 2204; x_wconf 78' lang='lat' dir='ltr'>alibi</span> <span class='ocrx_word' id='word_1_508' title='bbox 1146 2179 1174 2204; x_wconf 83' lang='lat' dir='ltr'>et</span> <span class='ocrx_word' id='word_1_509' title='bbox 1191 2178 1217 2203; x_wconf 94' lang='lat' dir='ltr'><em>L</em></span> <span class='ocrx_word' id='word_1_510' title='bbox 1231 2179 1240 2212; x_wconf 84' lang='grc' dir='ltr'>ΙΙ</span> <span class='ocrx_word' id='word_1_511' title='bbox 1262 2181 1293 2203; x_wconf 85' lang='grc'>13</span> <span class='ocrx_word' id='word_1_512' title='bbox 1313 2177 1382 2204; x_wconf 82' lang='lat' dir='ltr'>item</span> 
     </span>
     <span class='ocr_line' id='line_1_48' title="bbox 102 2212 1381 2277; baseline -0.002 -35"><span class='ocrx_word' id='word_1_513' title='bbox 102 2223 151 2242; x_wconf 85' lang='lat' dir='ltr'>om.</span> <span class='ocrx_word' id='word_1_514' title='bbox 170 2215 268 2241; x_wconf 80' lang='lat' dir='ltr'>BOM</span> <span class='ocrx_word' id='word_1_515' title='bbox 290 2217 299 2249; x_wconf 94' lang='grc' dir='ltr'>ΙΙ</span> <span class='ocrx_word' id='word_1_516' title='bbox 322 2217 351 2242; x_wconf 77' lang='lat' dir='ltr'>et</span> <span class='ocrx_word' id='word_1_517' title='bbox 376 2224 426 2242; x_wconf 85' lang='lat' dir='ltr'>om.</span> <span class='ocrx_word' id='word_1_518' title='bbox 451 2216 519 2241; x_wconf 89' lang='lat' dir='ltr'>KH</span> <span class='ocrx_word' id='word_1_519' title='bbox 538 2216 547 2249; x_wconf 79' lang='grc' dir='ltr'>ΙΙ</span> <span class='ocrx_word' id='word_1_520' title='bbox 571 2215 705 2277; x_wconf 44' lang='lat' dir='ltr'>Sabinas}</span> <span class='ocrx_word' id='word_1_521' title='bbox 727 2214 773 2241; x_wconf 89' lang='lat' dir='ltr'>uel</span> <span class='ocrx_word' id='word_1_522' title='bbox 797 2215 880 2248; x_wconf 80' lang='lat' dir='ltr'>rapta.</span> <span class='ocrx_word' id='word_1_523' title='bbox 905 2214 1025 2248; x_wconf 81' lang='lat' dir='ltr'>raptoris</span> <span class='ocrx_word' id='word_1_524' title='bbox 1051 2214 1170 2240; x_wconf 78' lang='lat' dir='ltr'>mortem</span> <span class='ocrx_word' id='word_1_525' title='bbox 1196 2214 1242 2240; x_wconf 91' lang='lat' dir='ltr'>uel</span> <span class='ocrx_word' id='word_1_526' title='bbox 1267 2212 1381 2246; x_wconf 72' lang='lat' dir='ltr'>nuptias</span> 
     </span>
     <span class='ocr_line' id='line_1_49' title="bbox 102 2249 1381 2292; baseline -0.003 -14"><span class='ocrx_word' id='word_1_527' title='bbox 102 2251 181 2292; x_wconf 72' lang='lat' dir='ltr'>aptet</span> <span class='ocrx_word' id='word_1_528' title='bbox 198 2251 262 2277; x_wconf 83' lang='lat' dir='ltr'>add</span> <span class='ocrx_word' id='word_1_529' title='bbox 283 2250 311 2278; x_wconf 84' lang='lat' dir='ltr'>O.</span> <span class='ocrx_word' id='word_1_530' title='bbox 348 2251 460 2285; x_wconf 70' lang='lat' dir='ltr'>nuptias</span> <span class='ocrx_word' id='word_1_531' title='bbox 476 2259 529 2284; x_wconf 82' lang='lat' dir='ltr'>pro</span> <span class='ocrx_word' id='word_1_532' title='bbox 547 2251 661 2284; x_wconf 85' lang='lat' dir='ltr'>nuptius</span> <span class='ocrx_word' id='word_1_533' title='bbox 707 2250 717 2265; x_wconf 71' lang='lat'><strong>²</strong></span> <span class='ocrx_word' id='word_1_534' title='bbox 740 2250 822 2284; x_wconf 81' lang='lat' dir='ltr'>optat</span> <span class='ocrx_word' id='word_1_535' title='bbox 835 2258 889 2283; x_wconf 76' lang='lat' dir='ltr'>pro</span> <span class='ocrx_word' id='word_1_536' title='bbox 908 2251 987 2284; x_wconf 80' lang='lat' dir='ltr'>aptet</span> <span class='ocrx_word' id='word_1_537' title='bbox 1007 2250 1076 2276; x_wconf 82' lang='lat' dir='ltr'>coni.</span> <span class='ocrx_word' id='word_1_538' title='bbox 1095 2249 1238 2283; x_wconf 74' lang='lat' dir='ltr'>Berykius.</span> <span class='ocrx_word' id='word_1_539' title='bbox 1267 2257 1324 2275; x_wconf 88' lang='lat' dir='ltr'>non</span> <span class='ocrx_word' id='word_1_540' title='bbox 1341 2257 1381 2274; x_wconf 78' lang='lat' dir='ltr'>re-</span> 
     </span>
     <span class='ocr_line' id='line_1_50' title="bbox 104 2284 1383 2320; baseline -0.002 -7"><span class='ocrx_word' id='word_1_541' title='bbox 104 2287 161 2320; x_wconf 76' lang='lat' dir='ltr'>cepi</span> <span class='ocrx_word' id='word_1_542' title='bbox 185 2287 250 2313; x_wconf 80' lang='lat' dir='ltr'>haec</span> <span class='ocrx_word' id='word_1_543' title='bbox 275 2287 369 2319; x_wconf 82' lang='lat' dir='ltr'>verba,</span> <span class='ocrx_word' id='word_1_544' title='bbox 397 2295 466 2320; x_wconf 67' lang='lat' dir='ltr'>quae</span> <span class='ocrx_word' id='word_1_545' title='bbox 493 2295 526 2313; x_wconf 77' lang='lat' dir='ltr'>ex</span> <span class='ocrx_word' id='word_1_546' title='bbox 553 2287 780 2313; x_wconf 79' lang='lat' dir='ltr'>declamationum</span> <span class='ocrx_word' id='word_1_547' title='bbox 809 2286 977 2319; x_wconf 76' lang='lat' dir='ltr'>arqumentis</span> <span class='ocrx_word' id='word_1_548' title='bbox 1004 2285 1146 2318; x_wconf 75' lang='lat' dir='ltr'>desumpta</span> <span class='ocrx_word' id='word_1_549' title='bbox 1170 2293 1223 2311; x_wconf 80' lang='lat' dir='ltr'>esse</span> <span class='ocrx_word' id='word_1_550' title='bbox 1248 2284 1383 2310; x_wconf 78' lang='lat' dir='ltr'>intelleaeit</span> 
     </span>
     <span class='ocr_line' id='line_1_51' title="bbox 102 2319 1380 2356; baseline -0.002 -8"><span class='ocrx_word' id='word_1_551' title='bbox 102 2321 284 2348; x_wconf 74' lang='lat' dir='ltr'>Burmannus</span> <span class='ocrx_word' id='word_1_552' title='bbox 306 2323 316 2356; x_wconf 79' lang='grc' dir='ltr'>ΙΙ</span> <span class='ocrx_word' id='word_1_553' title='bbox 340 2325 372 2348; x_wconf 84' lang='grc'>15</span> <span class='ocrx_word' id='word_1_554' title='bbox 393 2322 459 2348; x_wconf 89' lang='lat' dir='ltr'>Troi</span> <span class='ocrx_word' id='word_1_555' title='bbox 478 2322 555 2355; x_wconf 81' lang='lat' dir='ltr'>libri</span> <span class='ocrx_word' id='word_1_556' title='bbox 574 2323 631 2348; x_wconf 85' lang='lat' dir='ltr'>nisi</span> <span class='ocrx_word' id='word_1_557' title='bbox 650 2322 721 2355; x_wconf 77' lang='lat' dir='ltr'>quod</span> <span class='ocrx_word' id='word_1_558' title='bbox 739 2320 806 2348; x_wconf 84' lang='lat' dir='ltr'>troii</span> <span class='ocrx_word' id='word_1_559' title='bbox 824 2321 857 2347; x_wconf 90' lang='lat' dir='ltr'>L.</span> <span class='ocrx_word' id='word_1_560' title='bbox 879 2322 921 2354; x_wconf 80' lang='lat' dir='ltr'>cf.</span> <span class='ocrx_word' id='word_1_561' title='bbox 941 2322 1033 2347; x_wconf 79' lang='lat' dir='ltr'>adnot</span> <span class='ocrx_word' id='word_1_562' title='bbox 1054 2321 1114 2347; x_wconf 81' lang='lat' dir='ltr'>crit.</span> <span class='ocrx_word' id='word_1_563' title='bbox 1134 2321 1171 2347; x_wconf 75' lang='lat' dir='ltr'>acl</span> <span class='ocrx_word' id='word_1_564' title='bbox 1190 2321 1257 2346; x_wconf 81' lang='lat' dir='ltr'>Aen.</span> <span class='ocrx_word' id='word_1_565' title='bbox 1276 2319 1380 2346; x_wconf 84' lang='lat'>111108</span> 
     </span>
     <span class='ocr_line' id='line_1_52' title="bbox 103 2356 955 2393; baseline -0.002 -9"><span class='ocrx_word' id='word_1_566' title='bbox 103 2359 128 2384; x_wconf 79' lang='lat' dir='ltr'>et</span> <span class='ocrx_word' id='word_1_567' title='bbox 145 2357 170 2384; x_wconf 92' lang='lat' dir='ltr'><strong>V</strong></span> <span class='ocrx_word' id='word_1_568' title='bbox 189 2360 254 2384; x_wconf 81' lang='lat'>252.-</span> <span class='ocrx_word' id='word_1_569' title='bbox 274 2357 370 2385; x_wconf 85' lang='lat' dir='ltr'>Troili</span> <span class='ocrx_word' id='word_1_570' title='bbox 380 2358 571 2393; x_wconf 72' lang='lat' dir='ltr'>mythoqraphi</span> <span class='ocrx_word' id='word_1_571' title='bbox 589 2360 614 2385; x_wconf 80' lang='lat' dir='ltr'>et</span> <span class='ocrx_word' id='word_1_572' title='bbox 633 2357 768 2390; x_wconf 79' lang='lat' dir='ltr'>Guelferb.</span> <span class='ocrx_word' id='word_1_573' title='bbox 789 2357 811 2383; x_wconf 95' lang='lat' dir='ltr'><strong><em>I</em></strong></span> <span class='ocrx_word' id='word_1_574' title='bbox 832 2356 911 2383; x_wconf 87' lang='lat' dir='ltr'>Trois</span> <span class='ocrx_word' id='word_1_575' title='bbox 930 2366 955 2390; x_wconf 87' lang='grc' dir='ltr'>φ</span> 
     </span>
    </p>
   </div>
   <div class='ocr_carea' id='block_1_8' title="bbox 1409 699 1440 723">
    <p class='ocr_par' dir='ltr' id='par_1_9' title="bbox 1409 699 1440 723">
     <span class='ocr_line' id='line_1_53' title="bbox 1409 699 1440 723; baseline 0.032 -1"><span class='ocrx_word' id='word_1_576' title='bbox 1409 699 1440 723; x_wconf 90' lang='grc'>10</span> 
     </span>
    </p>
   </div>
   <div class='ocr_carea' id='block_1_9' title="bbox 1407 967 1439 990">
    <p class='ocr_par' dir='ltr' id='par_1_10' title="bbox 1407 967 1439 990">
     <span class='ocr_line' id='line_1_54' title="bbox 1407 967 1439 990; baseline 0 0"><span class='ocrx_word' id='word_1_577' title='bbox 1407 967 1439 990; x_wconf 87' lang='grc'>15</span> 
     </span>
    </p>
   </div>
  </div>
 </body>
</html>
