1630 2684
0 1920 3 1931 ..
0 1898 3 1902 .
0 1714 7 1883 ,,.,,,,.,,«,.Ὗ,.,.,,,
0 1664 3 1691 ,,.,

460 129 573 158 COMM.
592 129 633 157 IN
650 129 758 157 VERG.
778 129 862 156 AEN.
882 130 902 158 Ι.
923 133 1072 159 745-753.
1341 131 1406 164 209

123 212 174 244 bis
199 212 334 245 eandem
355 222 425 244 rem
447 211 524 244 dici:
547 221 625 253 ergo
649 211 711 243 hoc
735 211 826 253 dicit,
851 222 933 253 quae
952 223 1050 244 eausa
1070 214 1120 244 est
1143 213 1316 255 longorum
1340 213 1405 245 die-

123 276 206 298 rum.
253 265 308 298 sed
332 267 366 297 et
388 265 442 297 hic
464 265 549 296 ratio
573 264 805 306 hemisphaerii
830 267 888 297 est.
979 265 997 284 ²¹²
1010 279 1115 298 ments
1136 277 1198 298 non
1222 267 1355 308 longia*

213 319 285 351 747.
326 326 548 351 menmfflr
577 326 712 350 PLAvsv
745 327 842 350 ‘trun
875 326 1059 356 TROESQVE
1094 327 1303 357 anvvu'rvu
1335 321 1404 352 imi-

123 374 238 404 tantur.
268 375 297 404 et
317 372 403 404 bono
422 383 499 403 usus
511 373 570 403 'est
589 371 712 413 ordine,
736 374 774 403 ut
796 372 887 413 prius
907 371 1099 413 plauderent
1117 373 1219 412 eives;
1242 384 1301 404 nee
1320 373 1405 404 enim

123 425 219 458 aliter
237 427 389 467 poterant
408 425 525 457 audere
544 425 720 467 peregrini,
743 426 798 466 qui
811 425 1036 466 exspectabant,
1054 427 1090 456 ut
1102 428 1259 457 noscerent
1273 436 1404 458 morem:
1424 431 1439 455 5

121 479 206 511 unde
229 490 326 520 supra
349 481 387 510 et
409 489 478 510 vos
502 489 521 510 o
546 481 696 510 coetum
719 478 827 520 Tyrii
851 479 1048 510 celebrate
1071 478 1260 511 faventes.

212 532 285 564 748.
322 541 389 564 NEC
409 526 482 564 NON
500 541 546 563 ΕΤ
566 541 674 564 VARIO
694 534 764 564 arte
784 532 912 574 poetica
936 532 1053 572 utitur,
1076 534 1113 564 ut
1131 532 1323 574 praemittat
1346 533 1404 564 ali-

121 585 211 627 quid,
234 596 298 627 quo
322 596 459 627 sequens
483 585 566 646 liber
589 585 738 617 videatur
761 596 831 617 esse
855 585 1060 618 coniunctus:
1089 586 1173 627 quod
1197 586 1231 617 in
1255 586 1404 618 omnibus

120 640 237 670 servat.

210 691 283 724 749.
318 705 439 724 zonam
459 691 508 723 hic
525 694 756 734 permaturum,
779 695 836 724 aut
856 693 911 733 qui
933 703 996 724 non
1014 695 1081 724 erat
1102 693 1166 725 nisi
1188 693 1287 733 ipsius
1310 694 1404 724 morte
1425 697 1456 721 10

117 745 280 786 finiendus.
370 754 519 777 Β1ΒΕΒΑΤ
542 754 691 778 AMOREM
720 746 840 777 adlusit
868 746 905 778 ad
937 746 1129 778 convivium.
1173 746 1217 778 sic
1239 746 1404 777 Anac-reon

118 798 243 839 ἔρωτα
265 799 402 831 πίνων.

155 873 157 875 »
208 851 281 884 750.
318 861 428 884 SVPER
447 862 577 885 PRIAMO
602 853 640 884 de
659 853 801 885 Priamo.
833 864 909 885 nam
929 853 997 885 eius
1021 853 1274 894 praepositionis
1294 853 1402 884 officio

116 904 275 946 fungitur,
304 917 363 947 pro
389 917 452 948 qua
474 906 621 948 ponitur,
650 908 686 938 ut
710 917 808 948 supra
831 908 868 937 et
892 907 961 938 sub
985 908 1137 938 noctem
1161 917 1252 938 cura
1275 917 1402 938 recur-

117 959 191 999 sat,
220 958 255 990 id
276 961 321 990 est
343 960 425 991 eirea
447 963 571 992 noctem.
617 963 646 992 et
666 960 836 1001 sciendum,
856 960 945 1001 *quod
966 971 1034 992 cum
1059 962 1176 1000 tempus
1198 960 1401 1001 significatur,
1423 964 1454 988 15

117 1010 194 1043 ‘sub'
217 1013 407 1052 praepositio
430 1014 601 1045 accusativo
629 1013 733 1045 haeret
754 1023 880 1054 semper.
976 1022 1148 1045 ROGITANS
1185 1013 1307 1044 scilicet
1339 1024 1401 1055 quo

117 1064 214 1096 modo
235 1065 278 1097 sit
296 1066 445 1098 venditus
464 1077 535 1108 rex3
559 1067 605 1098 vel
622 1068 676 1107 qui
694 1077 763 1099 eum
776 1069 849 1107 post
866 1067 1026 1098 decennale
1044 1066 1155 1098 bellum
1172 1067 1272 1098 exitus
1290 1067 1401 1098 tulerit.

208 1118 281 1151 751.
317 1128 482 1152 AVRORAE
506 1129 620 1152 FILIVS
643 1120 805 1152 Memnon.
852 1120 923 1152 ideo
953 1122 1061 1152 autem
1090 1119 1173 1151 dixit
1196 1119 1330 1161 ‘quibus
1355 1130 1402 1150 ar—

116 1170 205 1212 mis’,
233 1171 308 1213 quia
331 1172 503 1205 Vulcaniis
533 1174 631 1205 armis
659 1185 737 1205 usus
765 1173 865 1205 fuisse
893 1175 1054 1205 narratur.
1143 1186 1282 1205 Ανκοιιᾼε
1303 1184 1403 1204 Fazvs

116 1236 208 1256 muns
229 1226 305 1265 quia
327 1227 420 1258 etiam
443 1227 472 1258 ei
491 1227 607 1267 fecerat
628 1237 719 1258 arma
745 1227 908 1258 Vulcanus.
947 1227 1001 1266 qui
1023 1236 1093 1257 eum
1115 1226 1272 1258 auxilium
1293 1225 1400 1257 Troia·
1420 1231 1453 1254 20

115 1278 167 1309 nis
191 1278 298 1320 ferret,
326 1281 412 1320 apud
439 1280 568 1312 Troiam
596 1281 710 1312 occisus
738 1283 788 1312 est.
833 1280 883 1311 hie
909 1280 945 1311 in
975 1282 1060 1311 tanto
1088 1290 1192 1310 amore
1219 1279 1304 1319 apud
1330 1289 1400 1310 suos

115 1331 212 1363 socios
232 1332 307 1372 fuit,
330 1335 367 1364 ut
383 1336 456 1374 'post
478 1334 543 1365 eius
565 1336 692 1365 mortem
711 1344 780 1365 curn
799 1344 867 1365 eum
886 1333 1019 1364 nimium
1042 1333 1186 1373 deflerent
1207 1333 1402 1364 miseratione

115 1384 241 1417 deorum
263 1387 298 1417 in
322 1397 392 1418 aves
414 1388 551 1433 eqnversi
573 1388 716 1419 dieantur
740 1390 768 1419 et
790 1387 955 1427 quotannis
977 1387 1080 1418 venire
1103 1387 1146 1418 ad
1164 1386 1317 1418 tumulum
1336 1386 1401 1417 eius

115 1440 144 1469 et
172 1438 216 1470 ibi
246 1440 463 1472 lamentatione
489 1444 518 1472 et
543 1441 664 1481 fletibus
690 1451 722 1473 se
751 1441 932 1481 dilacerare,
961 1440 1052 1471 donec
1081 1440 1260 1480 aliquantae
1288 1439 1400 1471 ibidem

96 1491 97 1495 ’
115 1492 300 1525 moriantur.
1418 1498 1452 1522 25

206 1546 279 1578 752.
317 1555 453 1584 QVALES
478 1556 650 1580 DIOMEDIS
674 1556 757 1586 EQVI
785 1558 851 1579 non
879 1547 1031 1578 debemus
1060 1557 1114 1578 eos
1144 1557 1244 1587 equos
1271 1545 1398 1577 intelle-

116 1608 207 1640 gere,
235 1610 315 1641 quos
344 1600 474 1632 Aeneae
504 1601 650 1642 sustulit,
678 1611 737 1632 nec
766 1601 852 1632 enim
881 1600 1043 1641 congruit3
1073 1599 1128 1630 sed
1156 1599 1194 1630 de
1221 1598 1272 1630 his
1301 1599 1398 1630 inter-

115 1653 224 1694 rogat,
257 1664 338 1694 quos
370 1654 504 1685 sustulit
534 1654 652 1686 Rheso.
700 1653 845 1696 ‘quales'
877 1655 987 1685 autem
1017 1652 1112 1694 dixit,
1143 1663 1180 1684 ac
1211 1652 1238 1684 si
1269 1652 1399 1693 diceret,

116 1715 199 1737 anne
232 1706 278 1737 sic
309 1706 431 1739 feroces
465 1709 501 1738 ut
533 1707 582 1739 illi
615 1719 633 1739 a
665 1707 781 1749 quibus
813 1707 973 1739 ducebant
1006 1705 1175 1746 originem.
1225 1704 1397 1737 Diomedes

116 1759 215 1801 enim,
233 1770 288 1791 rex
309 1760 485 1801 Thracum,
508 1760 624 1792 habuit
644 1772 742 1802 equos
761 1761 816 1802 qui
835 1760 985 1792 humanis
1005 1759 1155 1791 carnibus
1175 1759 1396 1790 vescebantur.
1416 1764 1450 1787 30

115 1811 176 1844 hos
194 1812 351 1846 Hercules
371 1814 478 1846 occiso
498 1814 619 1846 crudeli
642 1816 782 1855 tyranno
802 1813 973 1845 abduxisse
994 1811 1198 1853 perhibetur:
1223 1811 1260 1842 de
1281 1811 1397 1852 quibus

116 1865 267 1898 dicuntur
295 1878 393 1908 supra
421 1867 593 1899 memorati
622 1867 695 1908 equi
726 1867 887 1908 originem
916 1866 1039 1897 ducere.
1085 1867 1142 1896 aut
1167 1865 1232 1895 ideo
1257 1863 1398 1904 ‘quales'‚

115 1919 170 1959 qui
191 1921 350 1960 potuerint
372 1931 434 1952 esse
461 1921 506 1961 ita
534 1921 646 1958 divini,
673 1922 709 1951 ut
735 1921 815 1951 inter
840 1919 956 1959 fatalia
981 1918 1120 1949 Troiana
1142 1919 1396 1955 numerarentur;

114 1982 190 2004 nam
213 1974 278 2005 ideo
302 1976 331 2005 et
351 1984 448 2014 supra
471 1975 642 2006 ardentes
665 1974 718 2005 ait.

206 2027 277 2058 753.
315 2036 406 2059 111110
430 2036 500 2059 AGE
525 2027 607 2059 vidit
630 2027 785 2068 specialia
809 2027 872 2058 cito
896 2036 992 2067 posse
1015 2024 1114 2066 finiri,
1144 2026 1177 2055 et
1201 2025 1338 2056 contulit
1362 2036 1396 2057 se

187 2127 203 2150 6
223 2125 252 2150 et
269 2124 330 2159 vos]
350 2125 383 2150 A.
403 2125 414 2150 I
431 2125 552 2158 7351111
572 2124 728 2158 Anacreon]
750 2124 823 2156 poet
838 2122 866 2156 ly
869 2131 888 2148 r.
905 2122 950 2148 Gr.
966 2130 1018 2148 ree.
1034 2122 1107 2155 Berg
1109 2121 1160 2155 kp
1163 2124 1253 2148 ,1043
1274 2121 1316 2147 ed.
1332 2122 1369 2147 111
1388 2135 1394 2153 ῃ

118 2161 150 2185 14
169 2160 199 2186 et
217 2159 279 2194 sub]
300 2160 333 2186 A.
353 2160 365 2185 1
385 2163 434 2187 662
459 2161 468 2194 υ
491 2163 524 2186 29
544 2159 694 2186 Diomedes
714 2179 720 2184 .
741 2181 746 2186 .
768 2157 968 2192 .perhibetur]
988 2157 1023 2184 ef.
1042 2158 1181 2191 mythogr
1202 2157 1226 2183 ΙΙ
1243 2160 1291 2183 151

189 2251 202 2274 1
222 2247 329 2275 dierum
352 2249 424 2275 ratio
448 2248 577 2275 similiter
599 2246 800 2281 hemisphaerii
826 2247 868 2273 est
888 2246 911 2273 C
935 2247 945 2280 ΙΙ
972 2249 987 2272 3
1012 2256 1131 2272 PLAvsvu
1150 2245 1176 2272 L
1205 2255 1319 2271 ιιΑνενπ
1338 2245 1394 2279 Hg}

117 2286 133 2309 5
153 2282 248 2310 audire
267 2284 301 2310 H
326 2284 416 2310 audiri
438 2285 473 2310 Μ
485 2285 524 2318 116
544 2284 630 2318 unde]
650 2284 682 2310 ut
697 2283 722 2309 L
736 2284 745 2317 ΙΙ
760 2285 775 2308 8
795 2290 849 2316 quo
870 2283 918 2308 M:
938 2282 1012 2315 quod
1026 2281 1124 2307 BLH
1134 2282 1143 2315 ΙΙ
1160 2285 1189 2307 11
1211 2281 1319 2307 adluxit
1337 2273 1394 2314 Hjs

119 2321 150 2344 13
171 2319 208 2344 ad
225 2322 320 2346 1.750
341 2319 430 2354 Super
449 2320 571 2354 Priamo]
593 2319 627 2345 de
647 2319 758 2345 Priamo
777 2319 805 2352 (p
795 2291 885 2350 qria).
958 2317 1056 2344 haeret
1075 2325 1191 2351 semper.
1216 2317 1240 2341 P
1257 2317 1266 2349 ΙΙ
1287 2319 1319 2342 27
1341 2316 1392 2341 Ae

117 2361 184 2380 neas
203 2354 299 2388 Β1129
320 2363 390 2381 anne
411 2356 515 2381 0.-1188
534 2355 591 2380 BL
599 2355 671 2380 HM
698 2363 765 2381 num
782 2354 875 2380 malim
889 2355 898 2388 ΙΙ
906 2339 949 2379 ''31
970 2352 1119 2379 adduxisse
1138 2352 1171 2378 H

171 2403 246 2431 Servii
259 2409 339 2423 comm.
353 2404 405 2425 Vol.
421 2405 440 2424 I.
455 2405 520 2425 Fasc.
534 2404 552 2425 1.
1149 2399 1180 2422 14
