1630 2684
481 152 594 180 COMM.
613 152 653 179 IN
672 152 780 179 VERG.
799 152 883 178 AEN.
903 153 923 178 Ι.
944 154 1093 179 sse—598.
1364 150 1425 182 177

236 234 310 266 593.
346 242 515 265 PARIVSVE
538 242 639 265 LAPIS
664 233 909 264 candidissimus
934 236 997 273 est,
1025 233 1178 275 lygdinus
1206 233 1350 273 nomine,
1374 232 1429 273 qui

147 287 232 328 apud
256 287 374 319 Parum
406 287 558 319 nascitur.
659 299 806 319 mmrsn:
826 300 910 319 LAPIS
931 300 951 318 c.
972 288 1013 326 A]
1042 289 1078 318 ut
1103 287 1138 317 in
1165 287 1278 318 decimo
1306 286 1430 327 qualis

144 351 283 381 yemma
305 341 428 379 micat,
450 340 595 380 fulvum
618 351 709 381 quae
731 341 870 372 dividit
891 351 1033 371 aurum.

729 393 737 407 ξ

236 394 310 426 594.
351 403 423 426 ΤνΜ
455 402 508 426 SIC
541 394 616 436 quid
648 396 698 426 est
745 393 830 425 sic'?
881 396 914 425 et
947 394 996 425 sui
1029 393 1138 435 gratia
1170 395 1365 434 praepotens
1398 395 1431 425 et

149 448 261 480 matris
285 447 413 480 auxilio.

235 501 308 533 595.
340 513 515 534 mmowsvs
534 501 616 540 bene,
635 502 710 542 quia
729 502 852 533 maiora
865 502 952 533 nobis
971 503 999 533 et
1011 501 1194 542 pulchriora
1212 500 1310 532 solent
1327 500 1432 540 videri,

146 556 239 595 †non
254 555 413 595 paulatim
436 554 557 596 aliqua,
580 555 634 586 sed
654 555 753 586 subito
775 556 926 596 stupenda
944 555 1119 595 conspicere.
1190 563 1307 586 CORAM
1332 562 1430 591 QVEM

147 616 335 647 QVAERITIS
369 608 431 640 hoc
463 608 533 640 loco
568 607 844 650 distinguendum3
877 620 953 640 nam
987 608 1015 640 si
1043 619 1142 640 unum
1174 609 1273 650 esset,
1306 605 1431 639 ‘adest’

146 661 279 703 diceret,
306 673 371 694 non
400 661 555 693 ‘adsum'.
606 664 635 693 el
661 672 764 694 coram
789 672 851 694 nou
874 662 956 694 nulli
983 663 1026 694 acl
1046 672 1226 702 peu-sonam,
1259 663 1295 693 ui
1317 660 1432 692 ‘coram

151 714 304 756 Veryilio',
322 715 433 757 palam
456 716 500 747 acl
520 726 624 747 omues
646 716 757 755 referri
778 716 897 757 volunt,
920 718 955 747 ut
978 715 1095 756 ‘palam
1119 715 1279 748 omuibus'.
1331 715 1430 746 Varro

145 778 268 800 coram
291 769 332 800 de
348 768 613 809 praesentibus
635 769 752 807 nobis,
770 769 900 809 palam
922 769 1033 800 etiam
1052 769 1092 801 de
1110 769 1331 801 absentibus.
1359 779 1433 800 saue

145 832 250 854 coram
272 822 399 863 quidam
422 813 599 854 adcerbium
616 825 745 863 peltant,
768 823 842 863 quia
865 833 927 865 uoti
951 822 1145 863 subsequitur
1175 833 1277 864 casus,
1305 823 1433 863 quidam

143 876 398 916 praepositionem
423 877 573 917 loquellis,
596 887 659 908 uon
682 876 803 908 casibus
826 877 1012 908 servientem.

235 929 310 961 596.
351 943 481 962 Efferus
513 931 675 968 liberatus,-
715 933 743 962 εἰ
774 931 872 962 ulitur
898 933 990 971 poeta
1024 930 1220 970 familiarius
1256 930 1311 963 hoc
1346 931 1433 963 verbo

146 984 245 1024 eripe
267 994 318 1016 me
340 984 411 1024 liis,
434 985 584 1023 invicte,
607 985 718 1016 malis
741 987 769 1016 et
790 985 926 1025 eripui,
947 984 1083 1026 fateor,
1107 985 1176 1016 leto
1199 995 1261 1016 me.

237 1037 310 1068 597.
349 1047 370 1070 O
396 1046 482 1070 SOLA
506 1040 638 1080 propter
661 1037 897 1079 Polymestoris
922 1038 1058 1079 factum,
1083 1039 1137 1080 qui
1158 1039 1218 1070 fide
1238 1039 1362 1070 violata
1382 1039 1434 1070 de-

147 1089 224 1122 fecit
248 1091 287 1122 ad
312 1090 464 1133 Graecos,
489 1094 525 1124 ut
548 1092 706 1123 habemus
730 1092 763 1123 in
788 1092 896 1123 tertio.
987 1101 1161 1124 MISERATA
1186 1094 1218 1124 et
1242 1093 1380 1124 miseror
1402 1095 1434 1124 et

147 1143 302 1176 misereor
335 1156 435 1176 unum
464 1145 639 1187 significat,
673 1145 728 1177 sed
760 1145 896 1177 miseror
927 1146 1147 1178 accusativum
1175 1146 1273 1188 regit,
1306 1149 1343 1178 ut
1371 1147 1434 1178 hoc

146 1197 231 1239 loco,
263 1197 342 1230 item
375 1209 444 1230 nec
477 1199 684 1231 miseratus
718 1201 908 1231 amantem
943 1202 1015 1242 est,
1049 1200 1205 1232 misereor
1238 1201 1434 1242 genetivum,

147 1250 231 1283 unde
255 1252 305 1283 est
328 1252 514 1284 miserere
539 1253 659 1284 animi
682 1264 758 1284 non
781 1252 898 1294 digna
921 1253 1094 1285 ferentis.

237 1304 310 1337 598.
348 1315 440 1344 QVAE
464 1315 530 1338 Nos
554 1314 741 1343 RELIQVIAS
765 1315 912 1338 DANAVM
935 1307 963 1338 si
983 1307 1139 1339 Troianos
1160 1307 1336 1349 significat,
1360 1308 1434 1339 sim-

147 1357 276 1399 pliciter
309 1358 491 1401 intellegis;
524 1360 552 1391 si
585 1359 626 1391 ad
661 1370 694 1391 se
726 1359 838 1401 refert,
873 1360 958 1401 quod
991 1359 1153 1392 Achillem
1187 1362 1290 1393 evasit
1322 1361 1434 1393 favore

222 1467 235 1490 1
256 1473 349 1490 minvs
368 1473 443 1490 rmus
526 1464 662 1499 nascitur]
683 1473 768 1491 exscr.
789 1464 853 1491 lsid.
875 1465 942 1499 orig.
959 1465 1023 1491 XVI
1038 1468 1063 1498 5,
1080 1466 1148 1499 8112
1168 1465 1197 1492 in
1217 1466 1337 1501 decimo]
1361 1468 1434 1497 1341

149 1502 165 1525 9
189 1507 283 1526 coram
308 1522 313 1527 .
335 1522 340 1527 .
361 1521 366 1526 .
392 1500 532 1535 omnibus]
558 1500 591 1526 cf.
617 1500 686 1527 Don.
711 1501 747 1526 ad
771 1501 833 1526 Ter.
854 1500 938 1527 Andr.
963 1501 1002 1527 III
1022 1504 1051 1533 2,
1073 1504 1114 1527 10.
1142 1499 1258 1536 'adelph
1285 1502 1322 1528 IV
1341 1506 1370 1535 3,
1393 1506 1433 1528 17.

149 1535 212 1562 Isid.
234 1535 291 1561 diff.
311 1536 386 1562 verb.
407 1538 448 1562 91.
477 1535 551 1562 Suet.
571 1538 643 1569 prat.
663 1545 690 1569 p.
711 1539 762 1562 286
782 1535 943 1562 Reiffersch.
973 1536 1059 1563 Gloss.
1081 1536 1224 1571 Sangerrn.
1244 1546 1288 1571 ap.
1309 1538 1433 1564 Hildebr.

148 1579 175 1604 p.
196 1573 231 1597 80
253 1571 262 1605 11
287 1573 319 1597 10
337 1571 438 1605 Varro]
460 1571 494 1597 de
518 1579 598 1598 serm.
623 1572 673 1597 lat.
693 1571 717 1596 V
741 1571 839 1605 fragm.
861 1575 894 1598 89
918 1572 1014 1598 Wilm.
1040 1573 1049 1605 11
1074 1575 1106 1598 15
1131 1572 1219 1607 eripe]
1245 1574 1277 1599 A.
1298 1574 1335 1599 Vl
1355 1576 1406 1599 3⁴35
1426 1574 1434 1607 11

149 1605 422 1676 θῑὶρῇιίᾎᾼῂῌηιίήι
444 1607 454 1640 11
478 1610 509 1633 17
530 1607 559 1633 in
578 1606 675 1642 tertio]
697 1610 730 1633 53
751 1608 761 1640 11
786 1610 817 1633 19
837 1615 887 1633 nec
907 1607 1066 1642 miseratus]
1087 1608 1119 1634 A.
1140 1608 1177 1634 IV
1198 1611 1249 1635 370
1268 1610 1278 1642 11
1299 1612 1332 1635 20
1352 1609 1433 1635 mise-

149 1649 209 1668 rere
269 1662 274 1668 .

222 1743 236 1766 1
257 1740 294 1767 ad
308 1749 332 1766 v.
348 1743 399 1766 593
419 1739 552 1766 Pariusue
571 1740 659 1775 lapis]
680 1740 783 1774 ligdius
802 1740 913 1767 nomine
930 1740 977 1774 qui
992 1741 1066 1775 apud
1081 1741 1183 1767 Parum
1199 1741 1330 1775 (parium)
1345 1742 1432 1769 nasci-

149 1776 195 1802 tur
212 1775 285 1810 lapis
304 1775 518 1802 candidissimus
537 1776 570 1802 ut
588 1776 617 1802 in
636 1785 653 1802 x
672 1776 711 1809 (in
739 1776 767 1808 s.)
794 1775 901 1809 ‘qualis
922 1798 926 1802 .
944 1797 949 1802 .
968 1798 972 1802 .
993 1777 1116 1802 aurum’.
1139 1777 1166 1802 P
1186 1778 1195 1811 11
1218 1786 1293 1803 nnus
1316 1779 1345 1804 et
1369 1786 1430 1804 can-

151 1811 312 1838 didissimus
334 1811 357 1837 G
373 1820 447 1837 mers
467 1811 540 1845 lapis
558 1811 604 1837 hic
623 1811 836 1838 candidissimus
857 1812 894 1837 M
915 1812 925 1845 11
948 1811 1078 1845 lygdinus
1096 1813 1202 1845 scripsi.
1223 1813 1258 1845 ef.
1279 1813 1355 1840 Pan..
1375 1816 1432 1840 nat.

150 1847 211 1873 hist.
231 1846 349 1873 XXXVI
369 1850 383 1879 ξ
404 1850 451 1873 62:
471 1846 588 1880 lycidius
608 1847 634 1872 B
653 1846 766 1881 lygdius
788 1846 810 1872 G
831 1846 930 1873 licdius
950 1847 975 1872 L
994 1847 1086 1881 lydius
1106 1848 1139 1873 H
1154 1847 1261 1881 lycdius
1282 1849 1319 1874 M
1340 1849 1349 1881 11
1372 1848 1431 1883 qui]

1291 1899 1319 1912 nc

151 1917 197 1944 uel
216 1917 282 1951 quia
302 1918 339 1943 M
361 1919 370 1951 11
394 1920 409 1944 2
429 1926 529 1951 parum
547 1917 668 1943 insulam
687 1917 815 1944 BMCssl
838 1919 846 1951 11
870 1921 885 1943 3
906 1927 960 1943 ”tvm
979 1925 1028 1943 om.
1048 1918 1075 1943 B
1095 1927 1201 1947 rvuovs
1223 1919 1246 1945 0
1266 1929 1299 1945 ”tv
1318 1919 1343 1945 L
1366 1929 1432 1945 *rvsc

151 1953 226 1979 HM
248 1954 258 1987 11
282 1956 296 1979 6
317 1954 353 1980 ad
365 1962 394 1980 .v.
411 1956 463 1979 595
483 1953 596 1987 Coram]
617 1953 744 1979 nonnulli
763 1953 799 1979 ad
813 1961 961 1987 personam
981 1974 987 1980 .
1005 1974 1009 1979 .
1026 1975 1031 1979 .
1052 1961 1107 1980 non
1127 1954 1237 1980 casibus
1257 1954 1433 1981 seruientem.

154 1989 181 2014 P
201 1989 211 2022 11
233 1988 329 2016 uidere
351 1988 374 2015 0
393 1989 403 2022 11
426 1989 449 2015 si
468 1997 569 2032 nonQ.
590 1997 614 2015 a.
634 1998 653 2015 s.
675 1997 694 2014 s.
715 1988 931 2022 suppeditantur
950 1988 1110 2022 conspicere
1132 1990 1201 2017 coni.
1222 1989 1257 2017 F.
1277 1990 1433 2017 Schoellius.

151 2024 267 2056 sortasse
285 2032 356 2058 quae
375 2033 431 2051 non
450 2034 476 2058 p.
497 2033 519 2050 a
542 2033 563 2050 s.
583 2033 604 2050 s.
624 2025 658 2050 st.
679 2024 865 2058 conspicimus
883 2025 893 2057 11
911 2027 926 2049 9
946 2024 1061 2056 fort-asse
1080 2024 1116 2051 ad
1135 2026 1240 2051 certam
1259 2034 1407 2059 personam
1426 2026 1434 2037 ”

154 2062 186 2086 10
205 2059 331 2093 Vergilio
352 2060 386 2086 0:
409 2060 470 2086 uiro
496 2060 524 2085 P
545 2060 554 2093 11
579 2063 610 2086 11
631 2059 716 2086 etiam
743 2068 792 2085 om.
814 2060 842 2085 1’
862 2061 872 2093 11
897 2059 1058 2086 absentibus
1084 2060 1153 2086 dicit
1174 2061 1201 2086 P
1222 2061 1231 2094 ΙΙ
1255 2064 1286 2087 13
1307 2061 1433 2095 proposi-

151 2094 258 2122 tionem
282 2095 310 2121 P
327 2097 337 2129 11
360 2095 490 2129 loquellis
512 2095 551 2121 P:
570 2095 700 2128 laquellis
721 2095 744 2121 (J
761 2096 841 2128 (corr.
861 2103 933 2121 man.
953 2097 1015 2127 rec.)
1039 2096 1048 2128 11
1073 2098 1106 2121 14
1130 2097 1166 2122 ad
1185 2104 1208 2122 v.
1229 2099 1279 2123 596
1300 2097 1432 2131 Ereptus]

152 2130 296 2157 liberatus.
317 2131 345 2156 P
361 2131 371 2164 11
391 2130 566 2157 famuliarius
581 2130 604 2157 C
624 2131 633 2164 11
659 2134 690 2156 16
706 2131 743 2157 all
761 2138 784 2156 v.
801 2133 851 2156 597
873 2130 895 2156 O
912 2130 984 2164 sola]
1004 2133 1118 2164 propter
1137 2131 1338 2165 Polymestoris
1358 2132 1433 2165 (soli-

153 2166 291 2200 mestoris)
310 2166 429 2199 factum,
450 2166 497 2200 qui
515 2166 569 2192 fide
588 2166 695 2192 uiolata
714 2165 817 2192 defecit
835 2165 871 2192 ad
891 2164 1019 2192 Graecos.
1040 2166 1067 2191 P
1086 2167 1095 2200 11
1118 2166 1291 2200 polimetoris
1310 2168 1337 2193 B
1362 2167 1433 2201 poli-

153 2201 282 2228 mentoris
303 2201 367 2228 OM
388 2201 570 2236 polymetoris
589 2202 614 2227 L
637 2203 646 2235 11
671 2204 702 2228 17
722 2201 757 2227 ad
778 2200 811 2227 C:
830 2201 859 2227 in
878 2201 975 2227 BLH
979 2201 1015 2227 M
1020 2201 1054 2227 0³
1071 2203 1080 2235 11
1099 2204 1131 2228 ut
1148 2203 1283 2229 habemus
1302 2203 1331 2229 in
1349 2203 1432 2229 tertio

155 2244 204 2262 om.
226 2236 248 2263 C
268 2238 277 2270 11
299 2237 435 2264 habemus
454 2237 528 2263 LH:
548 2237 617 2263 dicit
634 2237 661 2262 B
681 2236 803 2263 ostendit
823 2237 874 2262 Ml
895 2237 905 2270 11
930 2240 961 2263 18
981 2236 1108 2272 miseror]
1129 2238 1262 2264 misereor
1282 2238 1332 2264 CL
1352 2239 1430 2271 (corr.

157 2271 238 2305 0²01!
254 2275 285 2298 19
305 2272 367 2299 loco
387 2274 416 2299 et
434 2272 503 2299 facit
520 2272 699 2306 participium
718 2272 865 2298 miseratus
884 2273 916 2298 ut
934 2273 977 2298 est
994 2281 1046 2298 nec
1065 2273 1212 2300 miseratus
1233 2274 1324 2307 01120
1343 2274 1432 2299 feren-

154 2306 191 2333 tis
211 2308 240 2333 et
257 2307 327 2334 facit
344 2307 524 2342 participium
539 2308 679 2334 miseritus
695 2307 718 2334 C
729 2309 738 2340 11
753 2310 784 2333 21
807 2308 843 2333 ad
857 2316 880 2333 υ.
897 2310 947 2333 598
969 2307 1045 2339 Quae
1065 2317 1114 2335 nos
1134 2309 1277 2341 relliquias
1292 2308 1432 2342 Danaum]

155 2350 206 2376 pro
220 2342 388 2370 Danaorum.
427 2343 542 2377 Terrae]
562 2344 677 2377 propter
697 2363 702 2368 .
720 2364 725 2369 .
742 2364 747 2369 .
767 2342 920 2369 interitum.
942 2343 970 2368 P
982 2344 991 2376 11
1005 2353 1162 2373 mnmovms
1181 2344 1253 2370 130³
1276 2353 1434 2373 usnmovms

157 2377 180 2403 G
200 2378 209 2411 ΙΙ
232 2380 265 2404 22
284 2377 499 2412 intelligendum
518 2379 546 2404 B
574 2379 795 2412 intellegendum
815 2378 852 2404 M
872 2379 882 2412 11
905 2378 1026 2405 achillen
1045 2379 1072 2405 Β
1079 2379 1143 2406 GM

210 2426 285 2446 Servii
298 2432 377 2446 comm.
396 2427 447 2447 Vol.
463 2428 480 2446 Ι4
496 2428 562 2448 Fano.
577 2428 596 2447 1.
1191 2427 1222 2450 12

1451 451 1466 474 C!

1452 719 1484 743 10

1452 986 1484 1010 15

1453 1254 1487 1278 20
