1630 2684
490 117 603 144 COMM.
624 117 662 143 IN
681 116 789 144 VERG.
809 117 892 144 AEN.
913 118 932 144 Ι.
953 121 1103 146 574—588.
1375 117 1438 150 175

155 199 284 232 retinet.
374 211 412 231 nr
428 211 538 231 rmus
556 210 709 231 LVSTMRE
726 211 750 231 E.
765 200 798 239 1.]
826 201 863 231 ut
884 200 1022 232 ostendat
1047 200 1232 232 voluntatem
1260 203 1288 232 et
1315 200 1439 232 libenter

156 264 188 286 se
210 254 342 295 misisse,
363 252 418 293 qui
440 252 577 284 Aeneam
600 255 786 293 quaererent.

245 306 319 339 578.
355 314 500 338 EIECTVS
523 306 716 347 naufragus,
739 308 777 338 ut
801 306 967 338 eiectum
991 306 1110 338 litore
1135 309 1319 349 egentem.

245 361 318 393 579.
355 368 494 391 Anmvn
518 368 666 391 Annnou
688 361 769 391 nota
792 360 897 401 figura
921 361 979 392 est.

246 414 319 446 580.
356 422 546 445 IAMDVDVM
575 415 608 445 et
637 413 717 455 cito,
743 413 789 445 vel
812 423 906 454 quam
923 414 1065 454 primum
1091 413 1267 455 significat,
1291 415 1327 444 ut
1350 414 1440 445 iam·
1460 422 1475 446 5

122 462 129 475 ¹
157 467 294 500 dudum
318 467 458 498 sumite
481 477 640 508 poenas,
664 468 698 498 et
722 466 815 508 olim,
839 468 876 498 ut
898 466 961 498 hoc
985 467 1066 499 loco.

244 520 319 552 582.
355 528 479 553 SVRGIT
502 520 613 552 oritur.
660 522 693 552 et
716 522 766 552 est
789 520 963 552 translatio
988 520 1132 562 corporis
1157 520 1197 552 ad
1221 520 1381 562 animum,
1404 522 1441 552 ut

155 573 235 607 alibi
259 575 341 606 stat
364 573 542 605 conferre
566 584 715 605 manum
738 573 901 606 Aeneae.

245 627 319 660 583.
357 639 487 660 cussa!
503 639 658 662 SOCIOSQVE
677 640 820 660 nnc-snos
840 627 981 668 syllepsis
998 637 1057 668 per
1081 637 1232 659 numeros.
1279 626 1440 668 ‘receptos’

154 681 191 713 de
219 681 318 713 maris
342 680 479 721 periculo
507 680 661 722 liberatos,
691 683 727 712 ut
750 680 947 722 frnyesque
974 683 1150 722 receptas,
1180 680 1226 712 vel
1254 691 1275 712 a
1297 675 1437 718 maone,-
1460 689 1492 712 10

155 745 231 766 nam
253 736 283 766 et
303 734 342 766 ab
364 744 400 766 ea
422 734 603 772 timuerant,
625 736 662 765 ut
682 734 730 765 ait
752 734 973 775 laetitiaque
994 736 1171 774 metuque.

245 788 319 820 584.
362 800 436 820 νΝνε
457 799 552 819 ΔΒΕΒΤ
574 786 710 819 Oronten
731 788 896 829 significat.
984 797 1080 826 QvnM
1104 796 1251 820 vmmvs
1275 796 1342 820 1PS1
1367 796 1443 819 svs-

157 851 298 874 MERSVM
323 841 409 883 quod
434 842 510 873 ante
540 841 660 873 doloris
689 841 810 883 fuerat,
840 843 878 873 ut
907 841 1031 883 ipsius
1062 843 1151 873 ante
1182 841 1329 883 oculos,
1358 851 1443 872 nunc

158 895 393 927 consolationis
418 898 481 936 est,
505 905 577 926 cum
601 895 705 927 cernit
725 906 836 927 omnes
861 895 1046 927 incolomes.

247 948 321 981 585.
359 957 474 981 D10T1s
494 957 727 981 RESPONDENT
753 957 887 980 omnus
910 957 1039 980 MATms
1058 948 1154 980 modo
1174 951 1353 990 congruunt,
1373 959 1444 980 con·
1466 956 1497 979 15

159 1002 318 1043 sentiunt,
343 1002 418 1044 quia
442 1002 569 1034 dixerat
593 1014 691 1044 supra
713 1013 877 1044 namque
901 1002 978 1034 tibi
1002 1002 1161 1034 reduces
1186 1002 1325 1034 socios.
1369 1001 1447 1034 alibi

163 1054 369 1097 ‘respondet'
394 1056 540 1097 respicit,
564 1058 600 1087 ut
623 1056 834 1097 respondet
858 1054 1004 1087 Gnosia
1026 1055 1154 1087 tellus.

248 1108 323 1141 587.
361 1118 501 1141 scmm'r
527 1117 567 1140 sn
592 1118 703 1141 nvssns
728 1109 830 1141 nubes
850 1108 978 1141 tantum
999 1108 1147 1150 dicimus,
1170 1119 1236 1140 non
1254 1109 1347 1151 nubs,
1371 1109 1448 1141 licet

157 1161 302 1194 dicamus
326 1162 416 1194 trabs
440 1162 566 1203 trabes,
590 1162 688 1204 stirps
714 1162 847 1204 stirpes,
870 1173 949 1204 prex
973 1173 1100 1203 preces,
1122 1162 1215 1203 plebs
1238 1162 1358 1204 plebes.
1392 1163 1448 1195 sed

157 1216 196 1247 de
223 1215 276 1247 his
304 1218 431 1247 tantum
461 1227 542 1257 quae
571 1216 709 1258 legimus
744 1217 820 1248 sunt
852 1216 1013 1257 ponenda3
1047 1227 1113 1247 non
1147 1215 1231 1247 enim
1262 1216 1342 1248 artis
1373 1218 1448 1248 sunt
1467 1223 1501 1247 20

157 1269 231 1308 ism,
255 1269 311 1301 scd
333 1268 569 1310 usurpationis,
598 1280 662 1310 qua
685 1269 781 1301 metri
810 1279 907 1300 causa
931 1270 1067 1301 utuntur
1095 1270 1225 1311 poetae,
1254 1270 1291 1300 ut
1314 1269 1365 1301 vel
1389 1269 1447 1301 mi·
1499 1272 1502 1275 ⁴

160 1324 262 1354 nuant
284 1322 336 1354 vel
361 1324 502 1364 augeant
524 1322 771 1354 nominativum.
817 1322 891 1354 inde
922 1324 972 1354 est
1001 1324 1034 1354 et
1057 1314 1203 1364 supellex
1227 1322 1448 1364 supellectilis.

251 1389 290 1408 ET
310 1389 345 1408 ΙΝ
366 1389 501 1408 AETHERA
522 1389 639 1408 PVRGAT
657 1389 798 1408 APERTVM
825 1376 900 1416 quia
932 1378 987 1408 αέν
1015 1376 1154 1408 collectus
1183 1376 1277 1408 nubes
1302 1376 1387 1416 fecit,
1414 1378 1450 1407 ut

158 1432 267 1470 atque
299 1430 339 1461 in
370 1429 500 1461 nubem
532 1430 678 1470 coyitur
709 1432 786 1471 αὲν,
818 1440 896 1470 quae
922 1430 1054 1470 puriore
1085 1432 1172 1461 vento
1205 1430 1384 1462 dissolvitur
1415 1430 1449 1461 in

159 1485 269 1515 ae'rem.
1465 1490 1499 1513 25

249 1536 324 1569 588.
361 1545 525 1569 nns'mrrr
548 1545 681 1568 AENEAS
706 1536 899 1569 abscedente
924 1537 1048 1569 scilicet
1072 1537 1166 1568 nube.
1258 1545 1446 1575 GLARAQVE

232 1672 248 1696 3
268 1669 400 1704 eiectum]
423 1669 455 1695 A.
475 1669 513 1696 IV
533 1672 584 1696 373
608 1670 618 1703 [1
641 1671 656 1695 5
682 1669 858 1704 iamdudum]
882 1669 915 1696 A.
939 1670 965 1696 II
990 1672 1040 1696 103
1064 1670 1073 1703 ΙΙ
1097 1671 1112 1695 8
1140 1669 1210 1704 stat]
1236 1669 1269 1695 A.
1295 1668 1346 1695 XII
1370 1671 1421 1695 678
1441 1697 1443 1701 ,

164 1708 196 1732 10
215 1705 376 1740 frugesque]
396 1706 428 1732 A.
449 1705 460 1731 I
481 1708 532 1732 178
546 1706 555 1739 11
572 1708 601 1731 11
623 1704 801 1740 laetitiaque]
817 1706 849 1731 A.
866 1705 878 1731 Ι
894 1708 945 1732 514
959 1707 969 1739 11
985 1709 1016 1732 13
1037 1705 1136 1739 ipsius]
1157 1705 1189 1731 A.
1205 1705 1216 1731 Ι
1233 1707 1285 1730 114
1299 1705 1308 1738 11
1324 1707 1356 1731 16
1371 1712 1448 1731 nam-

161 1741 227 1775 que]
247 1742 280 1768 A.
299 1741 311 1767 Ι
330 1744 382 1768 390
405 1742 414 1775 11
440 1744 470 1767 17
491 1740 652 1776 respondet]
671 1741 703 1767 A.
723 1741 762 1767 VI
782 1744 815 1767 23
839 1742 849 1775 11
873 1744 906 1768 24
926 1741 1022 1775 atque]
1043 1741 1075 1767 A.
1095 1740 1120 1767 V
1140 1743 1174 1766 20

235 1869 247 1892 1
268 1866 372 1892 retinet
391 1866 440 1892 sed
465 1866 497 1892 ut
519 1874 539 1893 e.
555 1874 579 1900 q.
594 1874 615 1892 s.
636 1865 660 1892 Ο
679 1866 689 1899 11
712 1868 727 1891 2
752 1865 874 1900 misisse]
900 1865 1047 1892 missuram
1071 1865 1126 1891 sive
1148 1864 1262 1891 iussisse
1285 1865 1354 1891 coni.
1373 1864 1448 1891 Bur-

162 1909 281 1928 mannus
303 1902 313 1935 Ι]
336 1904 351 1927 3
374 1902 411 1928 ad
428 1910 452 1928 v.
473 1903 524 1928 578
544 1901 668 1935 Eiectus]
689 1901 841 1935 naufragus
862 1922 867 1928 .
885 1922 891 1927 .
907 1922 913 1927 .
935 1902 1072 1935 egentem.
1095 1900 1122 1925 P
1143 1901 1152 1934 ΙΙ
1175 1903 1191 1926 4
1211 1900 1248 1926 ad
1266 1908 1290 1926 v.
1310 1902 1361 1927 579
1383 1900 1448 1926 Ani—

163 1946 239 1963 mum
259 1937 373 1972 arrecti]
393 1938 461 1964 nota
480 1937 570 1971 figura
589 1938 640 1963 est.
662 1937 690 1962 P
710 1938 719 1970 11
743 1940 758 1963 5
784 1937 821 1963 ad
839 1945 862 1963 v.
883 1939 935 1963 580
959 1936 1137 1970 Iamdudum]
1162 1937 1191 1962 et
1214 1935 1269 1962 cito
1293 1936 1339 1962 uel
1363 1944 1448 1969 qnam

162 1973 283 2007 primum
303 1994 309 1999 .
326 1993 332 1999 .
349 1993 354 1999 .
374 1981 494 2007 poenam
517 1974 548 2000 ut
572 1972 639 1999 olim
663 1973 716 1999 hoc
741 1972 812 1999 loco.
834 1972 861 1998 P
882 1973 892 2006 11
915 1975 930 1998 6
955 1974 984 1999 et
1007 1971 1074 1999 olim
1098 1979 1148 1999 om.
1175 1971 1196 1998 0
1218 1971 1228 2005 ΙΙ
1252 1974 1267 1998 9
1292 1972 1329 1998 ad
1351 1980 1376 1998 v.
1396 1974 1447 1998 583

165 2007 266 2035 Omnis¹
285 2008 402 2035 classem
421 2008 566 2042 sociosque
585 2007 725 2042 receptos]
747 2007 886 2042 silempsis
905 2016 956 2042 per
974 2015 1111 2034 numeros.
1134 2007 1161 2032 P
1177 2008 1187 2041 11
1205 2015 1299 2033 cmsss
1320 2006 1343 2034 G
1359 2008 1369 2042 11
1387 2016 1449 2041 syn-

164 2043 230 2070 lesis
250 2043 274 2070 0
293 2045 303 2078 ΙΙ
326 2047 357 2070 11
378 2043 513 2071 timerant
533 2044 556 2070 G
576 2045 585 2077 11
610 2047 642 2070 12
667 2044 704 2070 acl
727 2052 751 2070 v.
772 2046 824 2069 584
848 2043 925 2070 Unus
944 2043 1037 2078 abest]
1065 2042 1199 2070 Orontem
1222 2042 1371 2077 significat.
1397 2043 1424 2068 P
1441 2043 1449 2078 []

169 2082 199 2106 13
219 2080 300 2107 dolor
318 2080 353 2106 H
362 2080 372 2113 11
392 2082 424 2106 18
444 2081 481 2107 ad
499 2089 523 2106 v.
544 2083 595 2106 587
617 2079 726 2105 Scindit
745 2087 773 2105 se
793 2079 891 2113 nubes]
912 2079 998 2105 nubes
1018 2079 1127 2105 tantum
1149 2078 1266 2105 dicimus
1287 2099 1292 2105 .
1309 2098 1314 2104 .
1332 2099 1337 2105 .
1357 2078 1449 2112 supel-

163 2114 276 2142 lectilis.
303 2115 332 2141 P
351 2116 361 2149 ΙΙ
383 2125 454 2150 nups
481 2116 504 2142 G
525 2116 534 2149 11
558 2115 624 2141 licet
648 2136 654 2141 .
677 2136 682 2141 .
705 2136 710 2141 .
737 2114 920 2148 supellectilis
944 2123 993 2141 om.
1017 2114 1045 2140 B
1067 2115 1077 2148 11
1102 2117 1133 2141 19
1159 2114 1248 2148 trabs]
1274 2114 1362 2141 trabis
1390 2114 1418 2140 P
1441 2115 1450 2149 11

165 2151 271 2186 trabes]
292 2151 379 2178 trabis
402 2159 436 2178 ex
454 2151 548 2178 trabes
569 2150 592 2177 0
617 2152 710 2177 traues
731 2150 759 2176 P
780 2151 789 2184 11
812 2150 898 2184 stirps
922 2150 1022 2184 stirpes
1046 2158 1096 2176 om.
1117 2150 1155 2176 M
1175 2151 1185 2183 11
1207 2150 1298 2184 styrps
1319 2149 1342 2176 G
1367 2149 1449 2176 stirbs

167 2186 192 2211 L
205 2187 215 2220 [Ι
229 2186 342 2221 stirpes]
359 2187 388 2213 et
401 2186 502 2221 stirpes
518 2187 546 2212 P
564 2186 667 2220 styrpis
682 2194 714 2212 ex
729 2187 837 2219 styrpes
853 2185 876 2211 O
892 2194 941 2213 om.
956 2186 989 2212 H
1000 2187 1009 2220 11
1023 2194 1091 2220 prex
1114 2193 1210 2220 preces
1229 2185 1254 2211 L
1268 2186 1277 2219 11
1291 2193 1376 2219 praex
1392 2185 1426 2210 II
1441 2185 1449 2219 11

166 2240 195 2266 et
212 2239 304 2273 precis
324 2240 353 2266 P
373 2240 464 2274 precis
484 2239 508 2267 0
528 2248 644 2274 praeces
663 2239 697 2265 Η
716 2240 726 2273 11
748 2239 803 2273 plis
827 2238 898 2273 (ples
919 2239 964 2273 0²)
988 2239 1079 2273 plebis
1099 2239 1122 2265 O
1143 2239 1152 2273 ΙΙ
1177 2239 1224 2266 sed
1244 2260 1251 2267 .
1268 2260 1273 2265 .
1289 2259 1295 2264 .
1315 2238 1448 2273 legimus]

166 2274 199 2300 de
223 2274 267 2301 his
290 2276 385 2302 tamen
403 2283 476 2309 qnae
494 2275 604 2309 legibus
626 2275 653 2300 P
674 2276 684 2309 11
706 2278 741 2301 20
760 2274 870 2309 legibus
891 2274 914 2301 G
935 2275 1014 2308 (corr.
1035 2274 1080 2309 0²)
1103 2276 1112 2309 11
1136 2278 1169 2301 22
1193 2276 1222 2301 et
1246 2273 1448 2308 suppellectilis

168 2309 223 2336 ΟΡ
247 2311 257 2344 ΙΙ
284 2313 317 2337 26
342 2312 379 2338 ad
401 2320 425 2338 v.
446 2313 498 2338 588
521 2310 637 2338 Restitit
659 2310 781 2345 Aeneas]
805 2310 973 2337 abscedente
998 2332 1003 2337 .
1025 2333 1030 2337 .
1052 2333 1057 2338 .
1082 2310 1237 2344 derogauit.
1264 2310 1292 2336 P
1318 2310 1327 2343 11
1355 2317 1448 2336 ascen-

167 2345 249 2372 dente
268 2346 293 2372 L
313 2346 491 2380 (abscedente
511 2347 530 2380 l)
