1630 2684
413 227 527 258 COMM.
547 227 587 253 IN
606 223 722 253 VERG?
734 227 817 253 AEN.
838 227 857 253 Ι,
879 229 1026 253 161—169.
1319 226 1360 257 67

172 307 244 339 164.
277 320 350 339 πω
373 317 394 339 a
413 311 584 349 tempestate
602 308 741 348 defensa,
764 309 830 340 ideo
853 311 882 339 et
904 308 1033 340 ³32]th
1117 320 1179 339 rm!
1194 318 1254 348 pro
1274 319 1362 349 prae-

80 363 168 392 terea.
259 370 331 393 'rvu
356 370 466 393 S1Lv1s
492 370 626 393 SCAENA
649 370 815 393 convsms
840 361 948 393 ‘silvis
968 361 1125 393 coruscis'
1150 362 1212 393 hoc
1236 365 1286 394 est
1310 363 1362 395 sil-

67 426 194 452 ,varum
208 426 425 454 coruscarum,
445 415 477 446 id
493 418 542 447 est
562 416 789 457 crispantium,
808 417 845 447 ut
863 415 1026 447 Iuvenalis
1046 416 1163 456 longa
1182 420 1362 449 coruscat

80 479 234 501 serraco
263 469 442 500 veniente
474 469 591 500 abies.
642 471 675 501 et
703 469 814 510 posuit
842 469 1017 510 septimum
1044 480 1102 510 pro
1132 469 1297 511 genetivo,
1326 473 1362 502 ut

80 522 227 564 superius
260 522 422 564 pulchra
458 523 577 564 prole.
631 523 689 554 alii
722 522 884 555 ‘coruscis’
923 523 1062 555 tremulis
1095 523 1141 554 vel
1172 523 1363 555 vibrantibus

79 576 242 616 aom'pc'unt.
337 584 472 607 SCAENA
501 576 708 608 inumbratio.
759 578 791 608 et
825 576 911 608 dicta
940 587 1056 608 scaena
1084 573 1147 608 ἀπὸ
1176 576 1233 617 τῆς
1261 577 1362 615 σκιᾶς.

79 628 164 671 apud
200 629 352 671 antiquos
389 630 475 661 enim
510 629 684 662 theatralis
716 641 832 661 scaena
865 630 1024 671 parietem
1053 641 1118 662 non
1150 630 1278 672 habuit,
1307 631 1362 662 sed

78 681 118 714 de
148 682 318 715 frondibus
353 684 542 716 umbracula
581 683 789 725 quaerebant.
844 686 960 724 postea
995 684 1145 715 tabulata
1182 695 1362 725 conponere

47 738 51 755 ῑ
78 739 255 778 coeperunt
287 737 320 768 in
351 737 480 769 modum
515 737 658 779 parietis.
710 747 821 769 scaena
853 739 955 769 autem
980 747 1060 777 pars
1092 737 1204 769 theatri
1234 739 1363 770 adversa

76 791 293 832 spectantwus,
316 791 352 823 in
375 802 437 832 qua
459 794 532 823 sunt
553 792 646 832 reyia.

169 844 241 876 165.
278 857 411 877 orsvpm
439 855 498 885 pro
527 855 636 886 supra,
661 845 889 885 praepositione
919 847 1025 876 cantra
1055 845 1206 876 rationem
1235 846 1361 877 adiecta.

166 906 347 930 BORRENTI
371 898 487 930 horror
510 898 700 940 plerumque
726 898 765 929 ad
789 898 899 930 odium
922 898 1078 940 pertinet,
1107 898 1296 940 plerumque
1322 898 1362 930 ad

78 951 334 992 venerationem,
361 953 398 982 ut
426 951 488 983 hoc
513 951 593 982 loco.
637 951 682 983 sic
706 950 854 983 Lucanus
879 952 1084 983 arboribus
1110 963 1200 983 suus
1224 952 1362 983 horror

79 1003 191 1036 inest.
282 1013 403 1036 ATRVM
428 1013 544 1036 NEMVS
567 1007 680 1046 tropus
706 1007 767 1046 est3
791 1016 849 1047 per
872 1006 980 1036 atrum
999 1005 1080 1036 enim
1099 1005 1229 1047 nigrum
1254 1008 1359 1037 osten-

78 1056 135 1098 dit,
154 1069 213 1100 per
235 1058 367 1100 nigrum
386 1058 585 1099 umbrosum,
609 1069 667 1100 per
686 1058 875 1090 umbrosum
895 1058 1039 1099 densum,
1063 1058 1095 1089 id
1119 1060 1169 1090 est
1191 1059 1360 1091 frondibus

78 1111 220 1152 plenum.

169 1165 241 1196 167.
272 1174 358 1198 Vlvo
382 1165 539 1206 naturali,
562 1167 599 1196 ut
623 1165 709 1197 vivo
733 1165 1014 1206 praetervehor
1038 1166 1141 1197 ostia
1165 1176 1266 1197 saxo.

169 1218 240 1250 168.
273 1228 493 1251 NYMPHARVM
518 1227 637 1251 Domvs
667 1221 723 1250 aut
746 1229 860 1250 verum
888 1219 967 1251 dicit
995 1221 1027 1250 et
1051 1221 1102 1251 est
1124 1219 1278 1260 historia,
1306 1221 1362 1250 aut

77 1271 117 1302 ad
140 1271 270 1304 laudem
288 1273 432 1313 pertinet
455 1272 531 1304 loci:
555 1272 645 1313 talis,
668 1272 789 1313 inquit,
813 1272 903 1304 locus
929 1274 990 1313 est,
1014 1274 1050 1303 ut
1074 1272 1188 1304 domus
1213 1272 1361 1304 credatur

76 1335 147 1356 esse
169 1325 398 1366 nympharum.
488 1335 548 1357 HIC
573 1337 631 1367 pro
657 1324 758 1356 ‘illio'
783 1336 872 1356 more
897 1337 964 1357 suo.

168 1379 239 1410 169.
272 1388 440 1411 ANCHORA
464 1388 582 1411 MORsv
606 1378 668 1410 hoc
691 1389 810 1410 nomen
838 1389 910 1410 cum
935 1379 969 1409 in
993 1377 1130 1419 GraeCO,
1154 1378 1238 1410 unde
1262 1379 1361 1420 origi-

75 1442 150 1463 nem
174 1431 275 1474 ducit,
299 1432 533 1474 aspirationem
557 1443 622 1464 non
645 1432 778 1473 habeat,
802 1432 835 1463 in
859 1431 977 1463 Latino
1002 1426 1178 1473 aspiratur:
1203 1432 1288 1474 quod
1312 1434 1361 1463 est

77 1485 290 1527 contrarium3
313 1497 390 1517 nam
414 1486 519 1527 magis
540 1485 736 1517 Graecorum
756 1487 805 1516 est
829 1485 996 1526 aspiratio.
1029 1485 1084 1516 sed
1108 1485 1169 1516 hoc
1193 1486 1226 1516 in
1249 1486 1359 1526 paucis

147 1602 163 1625 3
187 1599 340 1634 Iuvenalis]
364 1601 415 1626 sat.
440 1600 478 1626 III
503 1602 555 1626 254
578 1601 588 1633 11
611 1602 626 1626 5
651 1599 773 1626 coruscis
793 1621 799 1626 .
816 1620 843 1626 ..
868 1599 1022 1634 accipiunt]
1047 1599 1081 1625 cf.
1104 1599 1189 1633 gloss.
1214 1598 1357 1633 Sangerm.

76 1643 120 1669 ap.
140 1634 265 1662 Hildebr.
284 1644 310 1669 p.
331 1638 364 1662 81
388 1636 397 1669 11
422 1639 453 1661 13
473 1635 614 1670 Lucanus]
635 1635 673 1661 111
692 1638 743 1661 411
766 1635 775 1668 11
800 1638 831 1661 17
852 1634 928 1669 vivo]
949 1635 981 1661 A.
1001 1635 1039 1661 III
1059 1637 1110 1661 688
1130 1658 1134 1661 .

150 1745 163 1768 1
179 1742 217 1768 ad
229 1750 254 1769 v.
267 1745 317 1769 164
332 1743 461 1776 Aequora
475 1742 537 1768 tuta
552 1742 647 1776 silent]
663 1742 831 1776 tempestate
846 1741 969 1774 defensa,
984 1740 1048 1767 ideo
1065 1741 1155 1768 silent.
1180 1741 1263 1776 Tum]
1278 1749 1357 1775 prae-

76 1777 163 1804 terea.
202 1777 286 1804 Siluis
306 1786 407 1804 scaena
426 1777 559 1812 coruscis]
586 1778 639 1804 hoc
664 1779 706 1804 est
729 1777 863 1803 siluarum
888 1785 1063 1803 coruscarum
1085 1798 1089 1803 .
1111 1798 1116 1803 .
1137 1797 1142 1802 .
1163 1776 1212 1802 sed
1230 1776 1265 1803 de
1285 1776 1358 1802 fron-

77 1812 158 1839 dibus
175 1813 347 1840 umbracula.
377 1822 478 1840 scaena
497 1814 590 1840 autem
609 1821 674 1847 pars
693 1812 798 1839 theatri
817 1813 935 1839 aduersa
949 1812 1152 1846 spectantibus,
1172 1811 1204 1838 in
1221 1820 1276 1845 qua
1294 1813 1358 1838 sunt

76 1848 162 1882 regia.
184 1848 212 1874 P
232 1850 242 1883 11
264 1852 280 1875 3
304 1850 336 1875 ut
358 1849 498 1876 Iuvenalis
523 1871 529 1876 .
550 1870 555 1875 .
578 1870 582 1875 .
607 1849 685 1882 prole
709 1857 757 1875 om.
779 1848 804 1874 B
828 1849 837 1882 11
860 1851 877 1874 4
901 1856 1029 1874 serracon
1052 1848 1118 1874 KH
1145 1855 1258 1881 sarrago
1284 1847 1307 1873 0
1327 1850 1359 1873 at

75 1884 195 1916 videtur,
214 1888 238 1911 et
258 1885 286 1910 P
313 1886 432 1918 (serraco
454 1884 487 1910 0²
511 1887 542 1910 ut
564 1885 682 1913 videtur)
711 1892 840 1916 sarracon
864 1884 889 1909 L
917 1885 1015 1917 (genus
1040 1883 1162 1909 uehiculi
1185 1891 1316 1916 superse-r.
1337 1883 1357 1915 l)

76 1927 153 1946 serra
171 1920 353 1947 conueniente
375 1921 411 1946 M
432 1921 441 1954 11
465 1923 480 1946 5
501 1919 643 1947 choruscis
664 1920 686 1946 G
706 1920 715 1953 11
738 1919 911 1946 vibrantibus
930 1919 1030 1952 scripsi
1037 1929 1044 1944 :
1063 1918 1256 1945 umbrantibus
1278 1917 1332 1944 GP
1350 1918 1351 1947 1

77 1958 92 1981 6
111 1963 165 1982 ano
181 1964 231 1982 'ror
251 1965 330 1982 cinae
350 1956 382 1982 K
398 1955 501 1982 asiotes
521 1956 592 1982 scias
614 1955 636 1981 O
654 1956 844 1987 (aUO'rYCKuAc
866 1954 908 1986 0²)
928 1962 982 1980 ano
1002 1962 1047 1980 τεο
1068 1962 1146 1980 omae
1165 1954 1191 1979 L
1214 1953 1288 1980 actio
1306 1962 1356 1978 mc

77 1999 156 2016 cmm
173 1991 206 2016 Η
222 1991 388 2025 apotesehes
408 1991 446 2017 M
463 1991 633 2025 opotesscius
655 1991 682 2016 P
703 1991 712 2023 ss
736 1993 750 2016 7
771 1989 875 2016 theatri
895 1989 951 2015 GP
967 1990 976 2022 11
999 1989 1121 2016 habebat
1139 1989 1210 2015 BM
1226 1990 1236 2023 11
1253 1988 1302 2015 sed
1322 1988 1356 2015 de

75 2024 219 2053 frondibus
234 2035 322 2061 opaca
336 2027 501 2053 umbracula
515 2026 657 2053 faciebant
670 2026 698 2051 B
712 2027 721 2059 11
737 2029 768 2051 11
789 2026 826 2052 acl
839 2034 863 2051 v.
881 2028 930 2052 165
950 2025 1088 2060 Desuper]
1106 2034 1155 2059 pro
1176 2033 1259 2058 supra
1277 2032 1355 2058 prae-

76 2061 215 2095 positione
234 2064 332 2089 contra
350 2062 489 2089 rationem
509 2062 626 2089 adiecta.
665 2061 809 2096 Horrenti]
831 2061 928 2087 horror
947 2081 952 2086 .
975 2081 980 2086 .
1001 2082 1005 2087 .
1025 2060 1055 2087 id
1075 2061 1117 2087 est
1134 2059 1279 2087 frondibus
1297 2059 1356 2093 ple-

707 2107 734 2125 de

74 2140 150 2159 num.
171 2133 199 2159 P
219 2134 229 2167 11
251 2142 301 2168 pro
321 2155 327 2161 .
343 2155 350 2162 .
365 2156 372 2161 .
392 2133 601 2168 praepositione
627 2133 666 2158 P:
694 2141 744 2166 pro
764 2131 935 2166 praepositio
955 2133 998 2158 est
1018 2131 1041 2158 C
1067 2131 1112 2165 (de
1130 2139 1262 2165 superse-o:
1285 2130 1329 2164 0²)

78 2189 110 2212 12
125 2186 214 2212 otium
230 2186 253 2213 C
259 2187 286 2212 P
303 2188 381 2220 (corr.
399 2187 443 2221 0²)
457 2188 466 2220 11
482 2190 515 2213 14
529 2186 603 2213 inest
618 2187 646 2212 et
662 2186 740 2219 (Aen.
755 2185 781 2211 V
796 2187 841 2219 37)
858 2185 1002 2212 ‘horridus
1016 2185 1045 2211 in
1059 2185 1184 2211 iaculis’.
1204 2184 1233 2210 D
1247 2185 1256 2219 11
1273 2187 1303 2210 17
1320 2185 1356 2210 acl

77 2229 100 2247 υ.
118 2222 166 2248 167
184 2221 267 2256 Viuo]
287 2222 408 2249 naturali
425 2243 429 2248 .
443 2244 465 2249 ..
481 2231 556 2249 saxo.
575 2223 603 2247 P
615 2223 624 2255 11
638 2230 705 2248 saxa
724 2222 756 2247 K
759 2221 823 2247 LH
833 2222 842 2255 11
858 2224 890 2248 18
906 2222 942 2248 ad
956 2229 979 2248 υ.
998 2224 1047 2247 108
1067 2221 1270 2254 Nympharum.
1290 2219 1354 2253 Hic]

77 2265 127 2291 pro
146 2256 205 2284 illic
224 2266 301 2284 more
320 2266 377 2284 suo.
405 2257 432 2283 P
453 2258 462 2292 11
487 2261 518 2284 19
543 2258 611 2292 loci]
637 2258 686 2283 aut
710 2265 785 2291 supr.
805 2265 871 2283 vers.
896 2257 959 2284 add.
982 2256 1020 2283 0²
1038 2257 1078 2283 vel
1099 2256 1137 2283 0³
1159 2257 1168 2290 11
1190 2255 1288 2288 inquid
1309 2254 1332 2280 C
1346 2255 1355 2286 ξ’

77 2311 110 2336 21
130 2310 167 2337 ad
180 2319 203 2337 v.
221 2313 270 2337 169
290 2311 420 2338 Anehora
438 2311 545 2346 morsu]
565 2310 702 2345 originem
718 2318 849 2344 graecam
867 2310 963 2341 habet,
982 2309 1031 2336 sed
1050 2309 1123 2343 apud
1143 2317 1190 2335 eos
1208 2317 1264 2334 non
1283 2307 1355 2341 aspi-

77 2347 151 2371 ratur
174 2347 340 2380 (asperatur)
364 2346 391 2373 iu
416 2346 539 2374 mediam
562 2346 708 2380 syllabam.
753 2345 878 2372 ‘morsu’
904 2345 997 2371 dente.
1024 2345 1051 2371 P
1071 2346 1081 2379 11
1103 2344 1208 2379 Morsu]
1234 2343 1356 2369 anchora

79 2379 146 2407 dens
162 2380 265 2408 ferreus
279 2383 323 2408 est
337 2391 371 2409 ex
384 2390 487 2416 graeca
501 2381 692 2415 ethimologia,
707 2381 783 2415 quod
796 2380 876 2414 quasi
890 2380 1011 2407 hominis
1026 2388 1124 2406 manus
1139 2378 1357 2412 comprehendat

78 2416 207 2449 scopulos
225 2417 271 2444 uel
289 2417 415 2444 harenas.
454 2426 518 2444 nam
542 2426 641 2444 manus
665 2425 764 2451 graece
788 2425 854 2450 cyra
877 2415 978 2442 dicitur
1001 2416 1032 2442 in
1057 2423 1141 2449 mary.
1163 2415 1226 2441 add.
1248 2414 1289 2441 0⁸.
1322 2414 1355 2445 cf.

84 2450 150 2478 Isia.
170 2459 208 2478 ori
228 2452 292 2479 XIX
312 2456 336 2484 2,
358 2455 388 2479 15
412 2454 421 2486 11
444 2455 477 2478 23
497 2453 663 2487 magistrum
682 2452 707 2478 L
726 2451 827 2486 (magis
846 2459 1009 2485 graecorum
1029 2451 1048 2483 l)

1109 2492 1145 2520 5*

1383 775 1416 798 10

1383 1061 1414 1084 15

1379 1327 1413 1350 20
