1630 2684
385 167 498 195 COMM.
518 167 558 194 IN
576 166 684 194 VERG.
704 166 788 194 AEN.
808 167 828 194 Ι.
848 169 996 194 288—292.
1268 168 1329 199 107

51 260 90 282 ex
113 249 234 281 eodem-
254 249 325 281 loco
356 248 514 290 erupisse,
545 260 627 291 quae
659 248 786 290 fugavit
816 250 991 281 exercitum
1016 249 1225 282 Sabinorum:
1256 250 1332 282 hinc

52 313 130 344 ergo
154 305 294 335 tractum
317 313 454 343 morem,
478 304 514 334 ut
537 303 715 344 pugnaturi
739 303 903 344 aperirent
926 303 1096 345 templum,
1127 304 1211 345 quod
1236 304 1268 335 in
1293 314 1329 336 eo

50 356 122 388 loco
147 356 255 389 fuerat.
276 356 502 397 constitutum,
527 356 619 398 quasi
643 356 683 388 ad
708 367 798 397 spem
822 357 952 398 pristini
975 357 1095 388 auxilii.
1137 357 1192 388 alii
1221 357 1330 390 dicunt

50 409 182 442 Tatium
206 411 238 441 et
261 409 436 441 Romulum
459 410 546 441 facto
569 409 697 442 foedere
717 410 778 442 hoc
798 410 954 452 templum
974 410 1172 452 aedificasse,
1196 411 1278 443 unde
1299 413 1331 443 et

51 463 150 496 Ianus
174 463 244 505 ipse
267 462 346 494 duas
369 463 469 495 facies
493 463 606 505 habet,
630 464 723 505 quasi
747 465 783 495 ut
803 464 954 496 ostendat
973 464 1110 495 duorum
1134 474 1247 505 regum
1272 465 1331 496 coi-

50 517 182 549 tionem.
215 516 281 556 [vel
301 517 386 558 quod
406 517 446 548 ad
466 516 586 548 bellum
605 517 683 548 ituri
703 517 820 549 debent
840 517 878 549 de
898 528 976 558 pace
996 517 1162 559 cogitare]
1198 519 1247 549 est
1267 518 1331 549 alia

50 570 166 602 melior
189 570 287 611 ratio,
311 570 397 612 quod
422 570 460 602 ad
485 570 645 611 proelium
669 571 747 603 ituri
771 573 886 612 optent
909 571 1135 603 reversionem.

139 623 212 655 292.
250 632 340 656 CANA
374 633 476 656 FIDES
511 633 556 655 ET
587 633 696 656 VESTA
733 624 887 656 subaudis
922 624 1023 656 ‘erit'.
1079 636 1191 657 canam
1223 627 1330 657 autem

49 675 162 709 Fidem
192 676 289 718 dixit,
319 678 370 709 vel
402 678 485 720 quod
517 679 551 710 in
580 678 667 709 canis
696 678 884 710 hominibus
912 678 1087 719 invenitur,
1118 678 1168 709 vel
1192 679 1278 720 quod
1301 680 1331 710 ei

50 730 125 762 albo
149 741 257 772 panno
281 731 431 763 involuta
454 743 551 763 manu
582 732 795 772 sacrificatur,
828 743 886 772 per
911 732 994 773 quod
1019 731 1201 763 ostenditur
1235 732 1331 764 fidem

50 783 166 816 debere
190 795 259 815 esse
283 787 453 816 secretam:
488 785 571 816 unde
595 787 628 816 et
652 784 808 817 Horatius
839 786 876 816 et
904 785 992 817 albo
1021 796 1109 816 rara
1131 784 1244 817 Fides
1273 796 1330 817 co-

49 837 99 870 lit
127 837 258 870 velata
287 848 420 879 panno.
467 837 569 870 Vesta
600 849 675 870 vero
700 850 759 880 pro
783 838 953 880 religione,
983 838 1060 880 quia
1083 839 1210 870 nullum
1235 839 1329 870 sacri-

9 896 13 900 ‘
49 888 158 922 ficium
182 891 251 923 sine
274 891 349 933 igne
374 894 436 933 est,
466 892 549 923 unde
581 893 708 933 etipsa
737 894 768 923 et
792 892 889 924 Ianus
920 893 954 924 in
985 892 1135 924 omnibus
1167 893 1330 924 sacrificiis

49 944 249 976 invocantur.
284 944 398 976 -Vesta
428 947 537 977 autem
565 945 652 977 dicta
683 945 733 977 vel
764 942 828 977 ἀπὸ
851 946 909 987 τῆς
933 944 1053 988 ἑστίας,
1084 948 1119 978 ut
1149 946 1331 988 digammos

51 997 95 1030 sit
119 997 257 1040 adiecta,
282 998 365 1029 sicut
388 992 430 1039 ἦρ
454 1009 523 1039 ver,
545 995 674 1036 Ἐνετὸς
700 998 857 1041 Venetus,
888 1000 938 1031 vel
969 999 1055 1041 quod
1086 1000 1185 1032 variis
1216 1000 1333 1031 vestita

51 1050 95 1083 sit
117 1051 224 1083 rebus.
270 1052 342 1093 ipsa
366 1052 451 1083 enim
477 1063 546 1083 esse
576 1052 695 1084 dicitur
724 1055 824 1091 terra,
855 1064 951 1094 quam
979 1053 1089 1094 ignem
1119 1053 1238 1085 habere
1268 1064 1333 1085 non

51 1105 186 1137 dubium
211 1107 275 1148 est,
299 1108 336 1137 ut
359 1117 398 1137 ex
423 1105 531 1137 Aetna
554 1105 766 1148 Vulcanoque
795 1109 823 1138 et
844 1107 918 1139 aliis
941 1107 1014 1139 locis
1037 1107 1214 1139 ardentibus
1237 1107 1333 1139 datur

49 1158 206 1201 intellegi.
296 1173 374 1192 REMo
394 1173 455 1192 cri!
471 1173 587 1192 FRATRE
607 1173 748 1197 Qrfflmrs
766 1174 837 1193 IVRA
858 1162 988 1200 DABVNT]
1017 1160 1066 1192 hic
1094 1161 1270 1192 dissimulat
1298 1161 1333 1192 de

45 1213 232 1255 parricidio,
261 1214 343 1254 quod
370 1216 399 1246 et
426 1214 529 1255 iunyit
557 1224 619 1255 eos,
648 1216 676 1245 el
697 1215 772 1254 quia
795 1224 857 1246 non
881 1214 1062 1252 Romulum,
1089 1215 1143 1246 sed
1166 1214 1333 1253 Quirinum

49 1266 195 1308 appellat,
224 1269 260 1298 ut
286 1277 348 1299 non
371 1268 509 1308 potuerit
532 1268 744 1308 parricidium
769 1268 869 1308 facere
897 1269 951 1308 qui
980 1268 1125 1300 meruerit
1153 1268 1225 1300 (leus
1253 1268 1332 1308 fieri.

138 1328 233 1352 nmo
259 1329 330 1352 CVM
354 1329 490 1352 FRATRE
516 1330 680 1360 Qvnunvs
704 1330 785 1352 ivm
807 1330 946 1353 DAssvNT
966 1321 1060 1352 multi
1080 1321 1126 1352 sic
1144 1321 1332 1363 intellegere

120 1438 136 1461 4
155 1434 228 1462 unde
247 1436 276 1462 et
294 1435 377 1462 Ianus
397 1444 420 1462 e.
436 1445 460 1469 q.
477 1436 510 1470 s.]
532 1436 565 1463 cf.
585 1436 707 1463 Macrob.
730 1436 786 1463 Sat.
807 1436 818 1461 Ι
839 1439 867 1468 7,
887 1439 921 1462 20
941 1436 969 1462 ct
988 1438 1016 1469 9,
1036 1438 1052 1462 4
1075 1437 1084 1470 11
1108 1439 1123 1462 9
1149 1436 1193 1462 vel
1212 1436 1286 1469 quod
1306 1436 1331 1462 ei

51 1491 57 1497 .
72 1491 99 1498 ..
120 1471 267 1505 secretam]
293 1479 380 1498 exscr.
406 1472 544 1505 mythogr.
569 1472 579 1498 I
608 1475 654 1498 191
680 1472 689 1505 ΙΙ
715 1474 743 1497 11
770 1471 913 1506 Horatius]
939 1480 1022 1498 carm.
1045 1472 1053 1496 Ι
1074 1474 1121 1504 35,
1141 1474 1173 1497 21
1198 1472 1207 1504 ΙΙ
1232 1474 1263 1497 15
1287 1471 1332 1497 vel

50 1506 125 1540 quod
143 1506 228 1533 variis
248 1507 350 1534 vestita
369 1506 405 1533 sit
423 1507 518 1543 rebus]
539 1516 625 1534 exscr.
646 1508 785 1542 mythogr.
806 1507 817 1533 Ι
838 1510 888 1533 112
909 1508 937 1533 et
956 1506 1019 1534 Isid.
1040 1507 1103 1533 VIII
1125 1510 1170 1540 11,
1191 1511 1223 1533 61

122 1617 138 1641 3
162 1613 242 1648 quasi
261 1623 339 1649 spem
358 1615 424 1641 LH
447 1615 537 1648 (quasi
563 1615 598 1641 ad
624 1616 643 1648 l)
670 1623 754 1648 quam
780 1622 859 1648 spem
883 1615 949 1641 libri
966 1615 1139 1646 Burmanni,
1165 1615 1222 1641 nisi
1247 1623 1331 1648 quam

1352 737 1384 761 10

1354 1005 1385 1028 15

1351 1272 1385 1296 20

50 1650 202 1685 typothetae
220 1651 388 1684 neyleyentia
403 1659 457 1684 pro
476 1650 557 1684 quasi
572 1651 693 1684 positum
712 1653 756 1677 est.
795 1649 876 1683 quasi
895 1650 930 1676 ad
951 1649 1071 1684 speciem
1091 1651 1221 1684 mytlzoyr.
1243 1651 1252 1684 ΙΙ
1276 1650 1331 1683 pri-
1349 1673 1352 1676 ⁴

50 1685 152 1712 atinam
171 1686 198 1711 B
221 1686 231 1720 ΙΙ
245 1688 260 1712 ’1
288 1687 387 1720 optant
411 1687 448 1712 M
469 1687 478 1720 ss
502 1690 516 1713 ὓ
543 1686 588 1712 vel
615 1686 689 1720 quod
790 1685 915 1720 cogitare
941 1686 1038 1712 seclusi
1062 1688 1093 1712 ut
1118 1686 1331 1719 ‹Iittoyraphicmz

50 1729 142 1748 eorum
160 1730 229 1755 quae
247 1724 405 1755 sequuntur.
435 1723 478 1748 est
495 1723 524 1748 et
543 1721 599 1748 alia
619 1730 689 1755 quae
704 1721 826 1748 melioris
840 1721 950 1748 videtur
965 1730 1061 1754 causa,
1081 1721 1155 1754 quod
1175 1721 1210 1747 ad
1225 1721 1331 1747 bellum

50 1756 117 1784 ituri
135 1756 169 1783 de
193 1765 262 1791 pace
287 1757 412 1792 cogitare
439 1758 468 1784 et
491 1758 678 1784 reversionem
703 1758 801 1791 optare
825 1757 928 1783 debent
950 1758 1080 1791 mythoyr.
1104 1758 1113 1790 ΙΙ
1137 1759 1152 1783 8
1176 1757 1212 1783 acl
1235 1765 1258 1783 v.
1280 1759 1330 1782 292

51 1791 127 1819 Cana
145 1792 227 1819 Fides
246 1793 275 1819 et
294 1793 393 1828 Vesta]
415 1793 548 1820 subaudis
568 1793 622 1819 erit
642 1813 646 1818 .
665 1815 670 1820 .
686 1814 692 1819 .
712 1801 812 1827 panno.
847 1792 962 1818 Vestam
981 1801 1048 1819 uero
1068 1792 1245 1826 religionem,
1266 1791 1332 1825 quia

49 1828 158 1855 nullum
178 1828 344 1855 sacrificium
368 1829 426 1855 sine
446 1828 511 1861 igne
531 1829 574 1855 est
595 1828 712 1862 ipsaque
736 1829 765 1854 in
791 1827 918 1855 omnibus
942 1827 1095 1854 innonatur.
1133 1836 1205 1861 quae
1229 1827 1332 1854 dicitur

51 1872 110 1891 esse
135 1864 211 1891 terra
229 1872 314 1898 quam
332 1864 427 1898 ignem
446 1872 502 1890 non
528 1864 657 1897 dubium,
683 1863 814 1897 dictaque
841 1871 912 1896 quae
939 1863 1024 1890 uariis
1048 1862 1152 1889 uestita
1179 1863 1215 1889 sit
1240 1863 1330 1889 rebus.

52 1899 140 1926 Remo
160 1908 223 1926 eum
242 1899 327 1926 fratre
348 1899 479 1932 Quirinus
502 1899 565 1926 iura
588 1900 705 1934 dabunt]
731 1899 777 1926 hic
797 1898 954 1925 dissimulat
976 1899 1010 1925 de
1029 1898 1178 1933 parricidio
1203 1898 1277 1932 quod
1303 1899 1332 1924 et

49 1934 142 1970 iungit
159 1943 207 1962 eos
227 1936 256 1962 et
273 1935 340 1969 quia.
359 1944 414 1962 non
434 1935 584 1962 Romulum
604 1935 651 1961 sed
673 1934 817 1967 Quirinum
843 1933 998 1968 appellauit
1021 1935 1049 1960 et
1069 1934 1177 1967 reliqua
1201 1935 1232 1960 ut
1250 1942 1330 1967 supe-

50 1970 107 1997 rius
125 1970 232 1997 dictum
252 1972 301 1997 est.
339 1971 387 1997 sed
412 1971 465 1997 hoc
485 1978 543 1997 esse
563 1979 619 1997 non
638 1971 733 2004 potest
752 1992 757 1997 .
774 1992 779 1997 .
797 1991 802 1996 .
822 1970 932 2003 repetit.
976 1970 1086 1996 constat
1107 1970 1253 2003 praeterea
1272 1969 1331 1995 Iani

51 2006 187 2040 templum
206 2006 273 2039 †sit
299 2015 354 2033 non
380 2006 435 2032 fuit
460 2006 583 2040 patuisse
606 2006 657 2032 sub
682 2006 816 2039 Romulo,
844 2005 910 2039 quia
934 2005 1015 2032 bellis
1040 2013 1193 2038 numquam
1218 2004 1332 2031 uacauit

51 2041 193 2075 (uocauit).
232 2042 282 2068 alii
300 2042 400 2068 uolunt
418 2050 468 2076 per
492 2042 545 2068 hoc
570 2042 598 2068 et
622 2049 651 2067 re
674 2050 742 2067 uera
765 2040 893 2074 intellegi
913 2041 1059 2073 Quirinum
1083 2041 1240 2074 Augustum
1264 2048 1330 2072 esse,

51 2077 169 2104 Remum
192 2085 259 2104 uero
279 2077 448 2112 Agrippam,
472 2077 520 2111 qui
544 2077 631 2103 filiam
655 2076 773 2111 Augusti
793 2098 798 2104 .
816 2098 820 2103 .
838 2097 843 2103 .
863 2076 990 2110 Agrippa
1013 2076 1149 2103 secundis.
1186 2076 1240 2103 hoc
1264 2084 1330 2109 ergo

52 2112 121 2139 dicit
140 2134 145 2139 .
162 2135 167 2139 .
184 2135 190 2141 .
210 2113 283 2140 curis
302 2113 412 2140 dicitur.
450 2113 537 2139 telum
564 2113 606 2139 est
631 2121 693 2139 cum
718 2112 845 2147 longiore
870 2111 944 2139 ferro
969 2112 1041 2138 unde
1068 2113 1096 2138 et
1122 2111 1225 2138 securis
1252 2111 1332 2145 quasi

52 2147 202 2175 semicuris.
251 2149 298 2176 uel
324 2158 341 2175 a
366 2149 497 2183 κοίρανος
525 2149 664 2183 (syrano),
691 2148 736 2175 uel
766 2149 881 2182 propter
910 2147 1020 2182 generis
1049 2148 1203 2181 (generum)
1231 2147 1330 2174 nobili-

51 2184 146 2211 tatem.
194 2184 267 2211 Mars
297 2184 371 2211 enim
396 2206 401 2212 .
428 2206 433 2211 .
458 2203 465 2210 .
494 2184 633 2216 Quirinus.
663 2184 690 2210 P
709 2185 718 2217 ΙΙ
742 2187 774 2210 10
803 2183 1012 2210 sacrificabatur
1040 2183 1080 2210 C*
1089 2183 1115 2209 P
1136 2184 1145 2217 ΙΙ
1170 2186 1200 2209 11
1231 2182 1331 2209 colitur

53 2219 78 2245 L
91 2220 102 2254 ΙΙ
118 2223 148 2246 12
162 2228 227 2247 uere
241 2220 274 2246 K
285 2221 294 2254 ss
308 2220 394 2246 Vesta
410 2241 415 2246 .
431 2241 437 2247 .
454 2242 459 2246 .
475 2219 610 2254 religione
626 2219 661 2246 F.
677 2219 838 2246 Schoellius:
857 2219 966 2245 uestam
981 2227 1048 2245 uero
1063 2218 1228 2253 religionem
1243 2218 1308 2244 libri
1322 2225 1330 2249 ξι

54 2257 86 2282 13
109 2254 169 2290 igni
193 2256 231 2282 M
251 2257 260 2291 ΙΙ
283 2256 312 2282 111
336 2255 464 2282 omnibus
566 2253 658 2285 ἑστίας
683 2263 733 2282 om.
757 2255 784 2281 B
807 2256 816 2289 ΙΙ
841 2258 873 2281 14
899 2256 967 2281 anot
991 2265 1021 2281 xc
1041 2263 1132 2281 ec'riac
1151 2255 1184 2280 K
1209 2262 1261 2280 ano
1284 2261 1329 2279 τεο

53 2298 142 2317 εοτιΛο
163 2291 188 2317 L
208 2301 262 2318 Ληο
281 2301 330 2317 mc
350 2300 418 2318 eruc
438 2291 470 2317 H
489 2292 499 2325 u
522 2287 557 2325 ἦρ
579 2299 627 2317 ver
645 2291 757 2324 scripsi:
781 2299 830 2317 om.
850 2291 878 2316 B
901 2292 945 2323 est
964 2290 1012 2316 uel*
1028 2290 1076 2316 rel'.
1096 2299 1116 2316 r.
1137 2290 1169 2316 K
1189 2298 1218 2316 er
1236 2297 1285 2315 uer
1304 2288 1330 2314 L

53 2326 109 2358 (sed
127 2334 157 2352 er
175 2327 206 2353 in
223 2329 290 2359 ras.)
311 2327 348 2353 M
366 2337 408 2353 ms
426 2335 476 2353 uer
494 2327 528 2353 H
547 2327 556 2361 ΙΙ
578 2324 700 2361 Ἐνετὸς]
721 2327 801 2353 uetus
820 2327 847 2352 B
866 2327 962 2353 enetus
981 2326 1054 2351 KM
1071 2325 1188 2351 henztus
1207 2324 1234 2351 L
1253 2333 1329 2351 rene-

54 2361 99 2387 tus
117 2361 151 2388 H
169 2362 179 2396 ΙΙ
202 2365 234 2388 17
254 2362 345 2389 Aetna
369 2363 400 2388 K
426 2363 539 2389 aethere
564 2362 609 2388 uel
633 2363 717 2388 aetna
737 2362 765 2388 B
793 2362 897 2388 aehtna
921 2361 946 2387 L
975 2361 1077 2388 aethna.
1101 2361 1134 2386 H
1158 2360 1243 2387 ethna
1269 2360 1305 2385 M

55 2398 89 2422 20
107 2396 174 2425 fieri.
211 2406 247 2424 an
266 2397 338 2425 sicut
356 2398 438 2424 multi
456 2397 614 2432 intelligere
633 2397 732 2424 uoluut
751 2397 775 2424 C
