1630 2684
246 173 290 200 ·1v
778 171 992 200 PRAEFATIO.

335 253 580 286 Monacensis
595 252 660 296 (E)
675 253 744 286 cod.
758 254 814 287 lat.
833 253 949 297 18059,
965 253 1043 286 011111
1058 252 1307 311 Tegernseensis
1323 251 1375 294 59,
1393 251 1528 287 membr,

248 308 369 339 saeculi
384 307 457 339 XII.
494 308 639 340 continet
657 306 713 339 fol.
730 308 789 338 1—
798 307 860 339 162
877 306 1009 339 Servii
999 318 1034 338 111
1047 305 1187 348 Vergilii
1205 305 1349 338 carmina
1368 311 1527 339 commen·
1568 336 1571 339 a
1609 301 1630 334 “2²-

249 361 360 392 tarios.
398 361 573 393 secundum
597 362 630 392 et
652 360 784 392 tertium
810 359 971 392 Aeneidos
994 359 1113 391 librum
1136 359 1258 391 contuli
1282 370 1366 391 anno
1388 357 1485 393 1876

338 424 354 446 0
371 413 467 446 11111118
486 413 563 446 libri
582 415 751 454 corrector,
770 413 824 454 qui
841 410 927 444 haud
942 412 1009 444 scio
1025 423 1066 443 an
1080 412 1152 453 ipso
1166 411 1369 454 Frisingensi
1384 422 1461 443 usus
1474 391 1581 453 a&
1530 424 1610 465 ‘wo‘

338 466 571 499 Dresdensis
586 465 647 509 (D)
663 465 879 498 bibliothecae
895 466 1003 507 regiae
1018 465 1056 497 D.
1071 465 1142 506 136,
1157 465 1345 497 chartaceus
1360 475 1452 506 saec„
1465 455 1572 500 XV
1598 457 1614 475 ³

249 520 283 552 in
297 519 395 552 Italia
409 521 568 551 exaratus.
602 529 639 550 ex
654 519 715 550 hoc
730 518 814 550 libro
829 518 989 560 Hugone
1003 518 1177 560 Ilbergio
1197 518 1414 551 intercedente
1427 516 1527 551 Mar·
1565 518 1599 551 ᾧ

248 573 354 604 1111118
378 571 551 613 Langius
579 582 617 603 ea
646 582 727 613 quae
752 571 838 604 docti
861 571 937 603 Itali
962 582 1041 603 saec.
1064 571 1126 603 XV
1150 570 1253 603 Servii
1277 571 1409 604 scholiis
1438 570 1527 604 addi·
1568 566 1569 569 ¹

248 625 364 657 derunt
382 624 436 667 (cf.
456 636 536 657 mus.
555 624 657 657 Rhen.
676 624 754 657 XIV
773 636 804 666 p.
823 624 887 657 548
899 623 960 668 sq.)
980 625 1014 656 in
1033 635 1140 656 meum
1160 636 1254 656 usum
1277 623 1528 667 diligentissime

249 677 432 719 exscripsit.
466 689 547 720 quae
581 677 800 710 additamenta
827 688 844 709 e
878 679 1028 710 contextu
1055 678 1227 710 verborum
1258 678 1342 709 inter
1369 677 1539 710 librorum

248 731 436 763 testimonia
459 731 615 773 ablegavi.

337 783 387 816 Ne
406 784 537 816 modum
557 783 724 816 excederet
742 783 846 816 critici
865 786 1041 826 apparatus
1059 784 1215 824 collectio,
1234 783 1352 815 horum
1370 782 1527 817 librorum
1557 824 1559 826 q
1576 825 1578 828 .
1605 816 1611 819 ,
1628 788 1630 790 ’

249 837 427 879 scripturae
445 847 511 869 non
533 838 608 868 sunt
625 837 772 878 integrae
796 837 830 868 111
854 837 1064 869 adnotatione
1087 836 1260 877 exhibitae,
1283 836 1348 868 nisi
1372 835 1428 869 ubi
1450 834 1560 870 son-¹<
1542 858 1587 892 ,q
1626 828 1630 850 3

249 891 378 931 ptorum
397 890 495 922 verba
514 901 534 921 a
552 888 663 922 Servio
683 890 816 922 laudata
835 892 910 922 suut
929 892 985 922 aut
1007 901 1114 922 rerum
1138 890 1359 931 expositarum
1382 884 1579 933 dignitas

250 945 286 974 ut
304 943 398 984 plene
417 942 639 985 proferrentur
655 942 800 974 codicum
814 943 1003 975 testimonia
1018 943 1188 974 suadebat:
1208 953 1403 985 quamquam
1415 942 1528 976 videor
1598 960 1601 968 κ
1576 892 1630 982 1

250 995 420 1027 adfirmare
430 1005 527 1036 posse
538 994 620 1026 nihil
631 1006 650 1026 a
660 1006 711 1026 me
721 995 902 1037 neglectum
913 1006 983 1027 esse
997 994 1083 1037 quod
1093 995 1214 1037 aliquid
1225 995 1377 1028 utilitatis
1386 995 1532 1029 haberet
1623 1025 1630 1041 x

339 1048 507 1080 Inclinatis
526 1047 674 1079 litteris
666 1059 823 1089 impressa
842 1050 918 1080 sunt
933 1045 1098 1080 ἆδέσῶτα
1113 1048 1172 1080 illa
1186 1059 1268 1090 quae
1282 1047 1400 1081 Petrus
1412 1047 1561 1094 Daniel
1610 1042 1630 1080 ’1

251 1101 494 1133 Aurelianensis
509 1112 595 1132 anno
613 1101 698 1132 1600
716 1101 856 1142 primum
874 1101 982 1133 edidit
1019 1102 1048 1133 is
1062 1101 1160 1143 primi
1175 1103 1208 1133 et
1222 1101 1354 1134 secundi
1368 1101 1565 1149 Aeneida}
1623 1104 1625 1106 ’

250 1154 325 1186 libri
353 1154 603 1186 commentarios
632 1165 649 1184 e
678 1153 803 1185 duobus
832 1153 965 1186 eodibus
989 1154 1093 1196 auxit,
1122 1165 1138 1186 0
1162 1154 1346 1188 Fuldensi
1373 1157 1407 1188 et
1428 1166 1468 1188 ex
1489 1146 1559 1188 00Γ
1558 1150 1601 1167 ⁴
1622 1188 1630 1203 ἶ

251 1207 306 1249 qui
329 1219 414 1239 nunc
437 1209 486 1239 est
509 1206 712 1238 Parisinus
735 1207 827 1239 1750.
864 1206 918 1239 ille
943 1206 1000 1249 (G)
1024 1180 1120 1239 hod’ie
1143 1208 1178 1239 in
1201 1207 1390 1241 Gassellana
1412 1207 1529 1241 biblio-
1555 1245 1559 1247 K
1597 1207 1603 1214 '⁴

250 1260 344 1292 theca
373 1262 565 1293 asservatur.
612 1260 741 1292 saeculo
768 1270 854 1292 nono
883 1260 934 1291 vel
963 1260 1087 1292 decimo
1116 1260 1246 1293 ineunte
1273 1260 1307 1293 in
1331 1260 1530 1295 membranis

251 1313 390 1354 scriptus
418 1315 476 1345 est.
522 1313 667 1344 continet
695 1311 797 1344 Servii
825 1315 1008 1345 commenta
1037 1312 1077 1344 ad
1105 1313 1185 1345 Aen.
1214 1312 1336 1345 I-VI
1364 1324 1465 1356 eaque
1493 1313 1530 1347 in
1562 1326 1566 1329 ⁷

250 1367 354 1407 primo
379 1368 412 1398 et
435 1365 574 1398 secundo
595 1365 679 1397 libro
703 1365 815 1398 multis
839 1365 970 1398 scholiis
994 1366 1202 1407 locupletata..
1237 1366 1345 1408 plures
1370 1368 1528 1400 correcto-

251 1430 301 1450 res
325 1421 477 1460 expertus
501 1421 559 1459 est,
583 1429 599 1449 0
624 1418 740 1460 quibus
765 1429 838 1450 eum
863 1419 916 1460 qui
941 1429 979 1450 ex
1003 1418 1188 1460 archetypo,
1213 1420 1251 1451 ut
1273 1419 1410 1462 videtur,
1431 1419 1530 1463 primi
1593 1430 1598 1434 ⁴

251 1472 376 1504 librarii
400 1482 523 1503 errores
549 1471 681 1503 sustulit
705 1470 748 1503 0²
773 1471 848 1513 dixi,
872 1472 1011 1504 alterum
1035 1472 1091 1514 qui
1114 1483 1196 1504 saec.
1215 1471 1278 1504 XV
1301 1472 1448 1506 Serviani
1469 1472 1530 1507 ali·
1593 1471 1595 1482 ³
1620 1462 1630 1528 ξ

209 1562 213 1566 Ι
251 1524 340 1556 0111118
365 1524 441 1556 libri
465 1524 643 1564 scripturas
668 1523 789 1556 invexit
812 1523 863 1557 0³.
910 1536 1020 1557 eorum
1048 1525 1296 1566 quaternionum
1323 1527 1379 1569 qui
1401 1526 1443 1559 ad
1464 1524 1531 1569 pri«

251 1587 339 1608 mum
368 1579 400 1609 et
428 1577 600 1608 secundum
630 1576 749 1608 librum
776 1578 1002 1618 pertinuerunt
1033 1578 1204 1620 secundus,
1237 1580 1383 1621 quartus,
1414 1578 1565 1622 11011110,Δμ
1627 1586 1630 1589 '

250 1629 410 1661 undecimi
432 1629 496 1662 tria
518 1629 596 1660 folia
619 1631 778 1671 extrema,
806 1630 1011 1662 duodecimus
1035 1630 1241 1673 interierunt,
1269 1633 1439 1673 praeterea
1459 1633 1528 1665 tres

251 1682 458 1714 membranae
486 1693 568 1724 quae
596 1682 734 1723 septimo
762 1682 891 1714 additae
920 1685 1022 1715 erant.
1067 1683 1307 1724 deperditorum
1330 1683 1488 1717 memoria
1510 1695 1531 1717 0

252 1735 434 1767 conlatione
463 1735 602 1777 petenda
629 1736 678 1766 est
707 1746 726 1766 a
749 1733 892 1776 Gaspare
916 1733 1068 1776 Scioppio
1094 1735 1129 1767 in
1152 1747 1246 1768 usum
1269 1736 1529 1770 Petri‘Danielis

251 1787 348 1830 facta,
366 1799 464 1830 quam
483 1788 511 1819 is
532 1788 573 1819 ad
592 1798 685 1819 suum
705 1788 868 1829 exemplar
883 1787 1158 1821 accommodatam
1171 1789 1206 1820 in
1225 1789 1402 1830 appendice
1420 1788 1528 1823 edidit.

251 1839 432 1873 Danielinis
456 1840 639 1882 scripturis,
667 1850 747 1881 quas
771 1840 845 1872 inde
869 1840 955 1882 quod
978 1841 1012 1872 in
1026 1841 1211 1882 appendice
1233 1841 1314 1873 nihil
1337 1838 1536 1875 adnotatum>

253 1894 304 1925 081
332 1893 460 1925 easdem
488 1892 658 1925 Fuldensis
686 1892 787 1924 fuisse
819 1893 953 1935 conieci,
986 1892 1032 1925 G*
1066 1893 1196 1935 signum
1229 1894 1373 1936 adposui.
1421 1897 1530 1932 totum
1625 1935 1630 1940 .

252 1946 393 1978 codicem
420 1946 542 1979 contuli
570 1956 653 1977 anno
685 1946 783 1987 1855,
814 1946 954 1987 primum
988 1948 1020 1978 01)
1053 1946 1229 1978 secundum·
1260 1942 1380 1980 librum
1409 1948 1562 1987 iterum
1602 1970 1626 1992 „-

253 2010 337 2031 anno
369 1997 462 2031 1876.
511 1998 714 2031 Parisinus
745 1998 830 2030 1750
858 1997 919 2041 (Ρ)
948 1999 1075 2031 saeculo
1108 2000 1231 2032 decimo
1263 2000 1298 2031 in
1329 1987 1630 2044 membrmi'ofiffssssssfi

253 2052 390 2092 scriptus
421 2052 564 2084 continet
597 2051 721 2083 scholia
752 2061 769 2082 0
801 2051 885 2083 libro
915 2051 1095 2084 Cassellani
1128 2053 1226 2084 simili
1258 2055 1416 2096 excerpta.
1465 2050 1545 2087 hocs
1577 2065 1583 2070 ¹·
1607 2014 1630 2105 Ξ

252 2104 361 2136 codice
393 2105 433 2136 ad
465 2105 570 2146 ipsam
603 2104 777 2136 editionem
805 2104 1023 2136 adornandam
1053 2105 1199 2138 adhibito
1227 2106 1345 2139 Daniel
1373 2108 1410 2140 ut
1440 2116 1528 2141 nova

254 2156 378 2188 scholia
402 2157 501 2189 edidit
523 2158 570 2189 ita
589 2169 606 2189 e
625 2157 788 2189 Servianis
811 2168 878 2189 non
900 2158 990 2189 nulla
1013 2158 1142 2190 abiecit:
1166 2159 1250 2191 unde
1272 2159 1394 2192 factum
1418 2161 1469 2192 est
1488 2161 1528 2193 ut
1614 2200 1617 2201 ⁷

252 2212 400 2241 accurate
433 2210 508 2251 quid
541 2210 676 2242 haberet
709 2210 764 2241 ille
797 2210 878 2242 liber
912 2211 946 2242 in
979 2210 1189 2243 adnotatione
1221 2212 1427 2246 indicandum
1455 2222 1527 2245 0000
1584 2235 1605 2256 A

251 2264 408 2303 putarem.
460 2264 601 2294 ceterum
630 2274 701 2294 cum
722 2263 809 2294 haec
840 2263 965 2295 scholia
995 2264 1165 2296 emendata
1195 2266 1384 2308 plerumque
1410 2276 1527 2308 propo·
1570 2288 1610 2324 ᾗ

253 2315 381 2356 suerim,
399 2315 455 2347 ubi
475 2326 590 2356 operae
609 2315 749 2356 pretium
769 2326 838 2347 esse
852 2316 1021 2347 videbatur
1039 2317 1158 2349 codicis
1173 2319 1365 2360 scripturam
1379 2318 1527 2351 rotundis
1570 2324 1606 2349 a
1626 2333 1630 2336 ·

253 2368 344 2399 uncis
367 2368 526 2400 inclusam
551 2365 1575 2399 addidi.
