1722 2670
0 1716 6 1729 ’-
0 1664 10 1674 ι
0 1319 35 1656 -νε-»ντ-ξ-ᾟεῃ-μ-ξνπῆιψ-τπψντ-
0 1171 26 1311 wax-’atvs
0 1149 30 1164 Ι
0 1107 7 1141 -<“-
0 1088 2 1100 ·‘
0 1072 7 1077 ³
0 1042 7 1060 Α»

44 1167 51 1171 J

489 146 601 177 COMM.
620 148 661 175 IN
680 147 787 175 VERG.
807 148 890 175 AEN.
911 149 958 175 111.
978 151 1091 176 81—86.
1360 148 1425 180 355

149 234 215 264 aut
235 232 377 264 violare
398 233 463 263 aut
484 231 677 272 attingere.
722 241 785 263 non
807 227 923 262 mirum
947 241 1028 271 eryo,
1051 231 1082 287 si
1102 233 1158 262 aut
1180 232 1222 262 ad
1244 231 1332 272 (sua)
1356 233 1426 262 tem-

142 295 224 326 pora
246 288 337 326 poeta
363 285 530 326 respondit,
562 287 619 316 aut
644 285 688 316 ad
708 285 860 325 pristina,
891 286 992 324 utpote
1018 284 1100 324 quod
1127 284 1233 324 relevio
1256 294 1426 324 numquam

147 339 273 371 omnino
295 341 404 371 veoeata
426 339 481 371 illo
502 348 558 370 suo
581 338 711 378 antiquo
727 340 756 369 et
777 339 892 369 vetusto
914 347 990 370 saxo
1014 337 1175 368 colebatur.
1211 337 1257 368 vel
1281 336 1425 369 ‘vetusto’

147 392 296 434 reliffl'oso.
341 394 370 424 et
390 392 480 432 quod-
493 390 692 423 ‘venerabar'
716 392 775 432 ait,
799 391 929 423 ostendit
951 401 982 422 se
999 392 1167 431 precatum.

238 445 290 478 85.
326 458 365 478 DA
379 444 607 478 PROPRIAM‘da'
627 446 684 483 dic,
704 445 824 483 indica,·
849 445 962 485 Apollo
985 445 1068 476 enim
1090 454 1152 475 non
1175 444 1281 482 dandi,
1304 445 1357 476 sed
1379 445 1423 475 di-
1444 451 1459 473 5

99 481 102 483 Δ
148 499 235 531 cendi
269 498 357 531 habet
385 501 574 539 potestatem.
618 499 799 539 ,quaeritur
835 499 929 529 etiam
965 508 1020 529 cur
1051 498 1173 529 Aeneas
1209 508 1278 529 cum
1314 497 1427 529 Delum

147 552 283 591 venisset,
306 552 402 584 nullis
419 552 513 593 prius
534 552 642 584 hostiis
664 553 760 584 caesis
783 552 889 584 statim
909 563 928 583 a
943 551 1083 591 precibus
1100 551 1244 591 coeperit:
1267 551 1342 591 quia
1366 553 1427 582 tra-

147 605 227 638 dunt
246 605 352 647 multi,
384 606 465 637 inter
487 616 563 646 quos
585 608 613 637 et
641 606 755 647 Varro,
782 615 844 637 esse
866 615 941 636 aras
963 607 1029 636 tam
1052 604 1224 645 Apollinis,
1251 615 1346 645 quam
1368 605 1429 645 filii

146 658 212 691 eius
234 669 301 691 non
328 661 450 693 tantum
472 658 559 697 Deli,
592 660 645 691 sed
670 660 705 690 in
726 659 878 699 plurimis
903 658 989 696 locis,
1022 658 1108 698 apud
1129 668 1206 698 quas
1228 657 1344 690 hostiae
1366 668 1428 690 non

147 712 323 754 caedantur,
345 713 399 744 sed
419 713 600 744 consuetudo
618 713 660 744 sit
677 713 767 744 deum
785 712 913 744 solemni
931 713 1052 743 tantum
1065 721 1154 751 prece
1172 712 1320 743 venerari.
1348 713 1430 752 quod
1449 717 1481 740 10

147 767 251 798 autem
278 766 326 798 ait
348 766 492 807 Neptuno
520 768 549 797 et
571 765 715 806 Apollini
742 766 843 797 ta'uris
866 767 972 805 postea
1000 765 1222 805 sacrificatum,
1257 765 1311 804 [et]
1344 765 1430 804 apud

148 819 231 851 alias
253 829 329 851 aras
350 819 406 852 hoc
426 820 545 859 factum
568 820 667 860 accipi
689 821 812 859 oportet.
912 827 1089 850 PROPRIAM
1113 820 1313 859 perpetuam,
1337 818 1428 850 stabi-

149 872 217 911 lem,
239 873 379 914 sirmam,
406 874 443 904 ut
467 873 503 914 <I
529 872 592 913 73>
621 872 895 914 propriamque
924 872 1070 903 dicabo.
1116 873 1148 903 et
1171 871 1252 904 bene
1276 874 1352 913 post
1376 883 1427 903 ex-

148 926 364 967 perimentum
387 927 471 958 male
495 926 642 958 conditae
667 925 809 957 civitatis
833 927 1006 966 perpetuas
1030 925 1175 965 postulat
1199 925 1299 957 sedes.

149 987 362 1011 THYMBRAEE
387 979 611 1020 Thymbraeus
636 978 755 1020 Apollo
779 978 899 1010 dicitur
922 989 941 1009 a
964 978 1035 1009 loco
1061 977 1192 1019 Troiae,
1216 978 1248 1009 id
1271 980 1323 1010 est
1347 988 1426 1019 agro
1448 984 1480 1007 15

150 1032 270 1074 vicino,
300 1033 394 1074 pleno
427 1032 594 1074 thymbra,
624 1042 701 1072 quae
729 1032 866 1064 satureia
898 1032 1017 1063 dicitur.
1052 1033 1081 1063 et
1111 1031 1182 1062 bene
1205 1031 1278 1063 Deli
1308 1032 1431 1072 positus

152 1085 381 1126 Thymbraeum
403 1085 538 1126 appellat
560 1095 647 1126 quem
670 1086 705 1116 in
722 1085 817 1117 Troia
839 1085 1021 1116 adsueverat
1042 1084 1134 1115 colere
1152 1085 1187 1115 in
1206 1094 1289 1124 ayro,
1314 1084 1348 1115 in
1367 1095 1429 1126 quo

151 1139 220 1171 eius
250 1141 284 1171 et
310 1150 423 1171 nemus
452 1140 503 1170 est
526 1141 559 1170 et
582 1139 757 1180 templum,
785 1138 841 1170 ubi
865 1149 884 1170 a
907 1137 1022 1170 Paride
1046 1137 1193 1169 Achilles
1218 1137 1343 1169 occisus
1367 1139 1429 1168 est:

150 1191 234 1224 unde
267 1192 400 1234 fingitur
433 1203 530 1224 manu
563 1192 726 1233 Apollinis
758 1192 956 1223 vulneratus.
1012 1200 1089 1231 ergo
1123 1190 1362 1231 Thymbraeus,
1395 1192 1431 1221 ut

149 1244 277 1287 Delius3
301 1256 377 1277 nam
401 1246 535 1277 numina
559 1257 578 1277 a
597 1245 677 1277 locis
696 1245 881 1286 frequenter
899 1254 1018 1276 nomen
1038 1243 1214 1285 accipiunt:
1238 1244 1297 1275 alii
1313 1243 1428 1284 Thym-
1448 1250 1482 1273 2ο
1499 1239 1502 1241 ’

150 1298 239 1330 bram
262 1299 360 1331 locum
383 1299 418 1330 in
441 1298 520 1331 Delo
543 1301 749 1331 consecratum
762 1298 906 1339 Apollini
929 1298 1064 1329 tradunt.
1107 1307 1184 1328 sane
1209 1297 1284 1339 quia
1308 1296 1429 1328 Graece

151 1349 288 1394 θύμβρη
322 1352 412 1393 facit,
445 1352 478 1383 in
507 1352 706 1384 derivatione
734 1363 754 1392 η
783 1352 817 1383 in
847 1351 1076 1392 diphthongon
1109 1351 1229 1391 mutat,
1262 1351 1297 1381 ut
1321 1352 1427 1390 Αἴτνη

152 1404 331 1446 Aetnaeus,
365 1406 474 1447 Δίρκη
503 1404 669 1437 Dircaeus.
767 1413 896 1436 DOMVM
920 1403 1094 1444 familiam,
1117 1405 1155 1435 ut
1178 1403 1231 1444 <V
1257 1403 1341 1444 121>
1367 1404 1430 1434 do—

153 1469 233 1490 mus
257 1460 364 1490 tenet
387 1469 406 1489 a
430 1469 502 1500 quo
527 1458 664 1500 Sergia
686 1469 832 1490 nomen.

242 1512 293 1543 86.
331 1519 524 1543 MANSVRAM
552 1520 673 1543 VRBEM
702 1511 764 1543 duo
792 1511 888 1552 petit,
921 1512 954 1542 et
976 1510 1090 1542 urbem
1115 1513 1147 1542 et
1169 1510 1429 1552 perpetuitatem.
1449 1516 1482 1539 25

154 1564 372 1596 ‘mansuram'
391 1567 493 1597 autem
511 1564 597 1596 ideo:
621 1565 673 1596 vel
692 1566 826 1606 propter
840 1564 982 1605 Troiam,
1006 1564 1057 1595 vel
1075 1565 1211 1605 propter
1229 1574 1309 1604 eam,
1334 1574 1432 1604 quam

227 1673 242 1696 5
262 1670 298 1696 da
317 1670 373 1704 dic]
400 1669 434 1697 cf.
458 1678 558 1697 comm.
578 1670 644 1697 Luc.
665 1670 703 1696 VI
723 1673 774 1696 774
797 1671 807 1703 ΙΙ
831 1673 846 1696 6
867 1669 1011 1703 quaeritur
1033 1669 1119 1696 etiam
1140 1690 1145 1696 .
1166 1690 1172 1695 .
1193 1690 1198 1695 .
1218 1668 1323 1695 factum
1342 1668 1431 1702 accipi

155 1705 279 1741 oportet]
304 1705 338 1732 cf.
358 1705 480 1732 Macrob.
500 1705 558 1732 Sat.
578 1705 617 1732 III
637 1709 666 1739 6,
687 1709 701 1732 1
722 1714 780 1739 sqq.
800 1706 810 1739 n
832 1708 864 1731 12
883 1705 1031 1739 Propriam
1050 1704 1228 1739 perpetuam]
1253 1704 1288 1731 cf.
1308 1705 1375 1730 Don.
1396 1703 1432 1730 ad

155 1741 456 1803 ggttqrrssznlysssskl
472 1742 482 1775 ΙΙ
497 1743 528 1768 15
548 1741 741 1775 Thymbraeus
759 1741 862 1775 Apollo
882 1740 984 1767 dicitur
1003 1749 1026 1768 e.
1046 1749 1072 1774 q.
1093 1740 1126 1775 8.]
1147 1739 1181 1767 cf.
1201 1740 1280 1766 Luct.
1300 1739 1376 1766 Plac.
1396 1739 1432 1765 ad

227 1877 241 1901 1
263 1875 409 1909 adtingere
425 1874 455 1900 F
470 1875 479 1908 ΙΙ
498 1882 554 1901 non
572 1874 674 1901 mirum
693 1874 772 1909 ergo]
792 1875 850 1901 scil.
870 1874 942 1908 quod
960 1874 1033 1900 dixit
1053 1874 1164 1907 ‘templa
1182 1873 1226 1899 dei
1243 1880 1312 1899 saxo
1329 1874 1434 1898 structa

157 1910 271 1937 vetusto'
287 1911 296 1944 ΙΙ
311 1910 346 1937 ad
365 1909 483 1936 Daniel:
502 1918 519 1936 a
535 1909 565 1935 F
576 1910 585 1944 ΙΙ
599 1918 650 1936 sua
668 1910 778 1936 addidit
792 1909 974 1936 Burmannus
987 1910 997 1943 11
1011 1912 1026 1935 2
1046 1908 1201 1943 respondit]
1220 1907 1345 1942 respexit
1358 1908 1433 1934 Bur-

158 1954 277 1972 mannus
290 1947 300 1980 ΙΙ
314 1949 329 1972 3
349 1946 465 1979 fortasse
482 1945 512 1971 in
532 1945 582 1972 illo
596 1945 606 1979 {l
619 1948 635 1971 8
650 1945 740 1972 Varro
759 1945 800 1972 ait
819 1953 878 1971 esse
898 1953 961 1971 aras
979 1946 1039 1971 tam
1053 1943 1192 1978 Apollinis
1211 1952 1295 1978 quam
1309 1942 1361 1969 filii
1375 1943 1434 1969 eius

157 1989 214 2008 non
231 1982 342 2007 tantum
356 1981 420 2008 Deli
440 1981 488 2008 sed
507 1981 536 2007 in
554 1980 682 2014 plurimis
702 1980 771 2007 locis
789 1980 838 2007 ubi
856 1980 950 2007 hostia
968 1988 1024 2007 non
1043 1979 1179 2006 cedantur
1198 1979 1246 2006 sed
1265 1978 1434 2005 consuetudo

157 2016 201 2043 sit.
239 2016 329 2043 Deum
353 2017 440 2043 solem
464 2016 618 2051 puritatem
641 2024 723 2050 prece
746 2015 881 2042 uenerari.
911 2017 940 2042 at
960 2015 1048 2042 solam
1067 2015 1220 2049 puritatem
1238 2014 1362 2041 Ambros.
1377 2014 1387 2047 ΙΙ
1403 2017 1435 2040 10

158 2051 288 2078 sollemni
304 2052 414 2079 tantum
433 2060 515 2087 prece
536 2052 716 2078 Gommelinus
734 2052 779 2084 (cf.
796 2051 948 2084 Mamm.-
967 2050 1208 2085 sollempnitatum
1227 2057 1308 2084 prece
1329 2049 1359 2075 F
1382 2049 1435 2076 sol-

158 2086 303 2114 lemnitate
321 2095 436 2122 precum
454 2088 534 2122 vulyo
547 2089 557 2121 fl
576 2090 608 2113 11
629 2088 658 2114 et
675 2088 783 2114 seclusit
800 2087 904 2113 Daniel
917 2088 927 2120 11
950 2090 980 2113 13
1000 2087 1032 2112 ut
1050 2086 1246 2120 propriamque
1266 2084 1366 2111 dicabo
1385 2093 1434 2111 om.

161 2121 191 2148 F
206 2123 216 2157 ΙΙ
240 2125 272 2148 15
291 2131 309 2149 a
333 2123 395 2150 loco
415 2145 420 2151 .
442 2143 447 2149 .
469 2143 475 2150 .
493 2122 599 2157 vicino]
624 2123 660 2149 ab
679 2121 747 2157 agro
767 2122 867 2149 Troiae
886 2122 978 2149 vicino
997 2122 1077 2156 vulqo
1100 2121 1110 2155 ΙΙ
1133 2121 1162 2148 id
1181 2122 1225 2148 est
1242 2129 1310 2155 agro
1329 2128 1379 2147 om.
1401 2119 1438 2145 M

159 2159 245 2191 (supr.
263 2166 330 2185 vere.
350 2159 413 2186 add.
432 2160 468 2193 m)
482 2160 492 2193 1]
508 2162 539 2185 16
554 2158 639 2192 plena
655 2159 691 2184 M
709 2159 788 2191 (corr.
802 2158 839 2191 m)
852 2159 862 2191 ΙΙ
874 2157 1017 2192 thymbra]
1036 2165 1068 2193 g).
1083 2166 1110 2184 n.
1124 2156 1226 2183 herbae
1240 2164 1372 2189 supet-scr.
1388 2164 1414 2181 m
1434 2179 1435 2184 ,

160 2196 194 2219 21
216 2201 282 2220 sane
301 2214 307 2220 .
328 2215 334 2221 .
354 2214 361 2220 .
380 2194 513 2221 Dircaeus
532 2202 582 2221 om.
603 2193 633 2220 F
644 2195 654 2228 ss
667 2197 701 2220 22
720 2192 847 2228 θύμβρη]
868 2194 960 2229 inbre}
978 2192 1004 2218 L
1029 2193 1157 2227 tymbrae
1176 2192 1210 2218 H
1229 2191 1358 2225 thymbre
1379 2190 1416 2216 M
1429 2216 1430 2223 ἵ

159 2239 177 2262 η
196 2228 226 2255 in
245 2229 283 2255 M
286 2238 294 2254 .·
311 2231 331 2255 ῑι
348 2229 375 2255 L
397 2238 450 2256 son
469 2230 503 2256 H
518 2229 593 2256 enim
612 2230 641 2255 E
659 2231 687 2262 (n
705 2237 823 2263 supersr.
843 2229 865 2261 e)
879 2229 890 2262 11
903 2228 1002 2262 dipton
1017 2228 1043 2254 L
1073 2228 1227 2262 diptongon
1242 2227 1288 2253 ΗΖ
1306 2226 1433 2260 dipthon-

160 2271 215 2298 gon
231 2264 268 2290 M
279 2264 289 2298 ΙΙ
303 2264 403 2297 eethne
422 2265 538 2292 ethneus
556 2264 631 2292 dirce
651 2265 759 2291 dirceus
774 2264 800 2290 L
823 2265 904 2290 etnae
924 2265 1046 2291 etnaeus.
1071 2263 1164 2290 dircae
1183 2263 1292 2289 dirceus
1306 2262 1338 2287 Η
1355 2262 1436 2287 aetne

161 2300 276 2326 aetneus
294 2299 368 2326 dirce
387 2300 495 2327 dirceus
515 2301 553 2327 M
569 2301 578 2334 ΙΙ
598 2303 632 2327 24
650 2301 747 2327 teneat
766 2299 838 2326 FM
842 2299 872 2326 Ε
887 2300 897 2333 ΙΙ
916 2308 933 2326 a
954 2320 960 2327 .
980 2320 986 2325 .
1007 2320 1013 2325 .
1032 2307 1134 2326 nomen
1153 2306 1203 2326 om.
1224 2297 1254 2323 F
1271 2298 1280 2331 11
1302 2296 1391 2330 fregia
1409 2295 1439 2322 E

162 2336 203 2368 (at
222 2334 313 2369 sergis
330 2344 463 2369 superscr.
482 2337 505 2370 e)
518 2337 529 2370 1]
542 2339 576 2362 25
596 2336 696 2370 vunnu]
716 2336 881 2370 perpetuam
900 2335 963 2361 add.
976 2334 1080 2362 Daniel
1093 2335 1102 2368 11
1116 2334 1188 2368 petit
1208 2333 1245 2359 M
1249 2333 1292 2359 El
1298 2342 1306 2358 :
1324 2332 1391 2366 peta.
1410 2331 1440 2357 F

160 2369 242 2404 ponit
259 2370 325 2396 LH
334 2372 344 2405 ss
356 2373 391 2397 26
409 2371 472 2398 ideo
491 2379 541 2399 om.
565 2372 636 2398 ΜΕ
653 2372 727 2406 (add.
747 2372 770 2404 e)

1172 2412 1226 2439 23*
