1722 2670
538 161 652 189 COMM.
672 160 710 186 IN
730 160 838 187 VERG.
859 160 942 186 AEN.
962 160 995 186 11.
1017 162 1166 187 748—768.
1427 158 1491 190 327

210 245 316 286 possit
338 245 381 276 ad
401 243 586 285 mimilieium
610 242 746 274 extrahi.
779 242 902 274 dietum
926 240 1013 282 ‘asyl
1039 241 1087 272 m'
1112 241 1205 283 quasi
1230 240 1402 283 ‘asyrum'.
1435 241 1494 273 alii

211 297 365 339 ‘asylum’
396 299 461 330 ideo
483 298 611 336 dictum,
639 296 720 336 quod
741 296 846 327 nullus
873 295 944 327 inde
967 295 1020 326 toll
1053 297 1132 333 elur,
1159 295 1194 326 id
1220 298 1265 327 est
1289 295 1371 335 quod
1396 295 1494 326 συλᾶ-

212 354 310 392 σθαι,
333 352 387 384 hoc
405 354 448 384 est
466 351 577 391 abripi,
599 350 705 382 nullus
729 350 799 381 inde
816 351 955 389 poterat;
979 349 1025 380 vel
1043 349 1124 388 quod
1143 348 1276 389 fuyienli
1298 349 1372 380 illuc
1393 348 1494 389 spolia

211 415 273 437 non
296 405 525 437 detraherentur
532 414 543 442 ;
572 404 657 435 σῦλα
685 403 767 435 enim
791 402 906 434 Graece
933 404 990 433 ant
1014 402 1103 442 furta
1131 404 1187 432 aut
1213 402 1312 442 spolia
1339 402 1494 433 dicuntur.

211 458 274 490 hoc
310 460 419 490 autem
452 468 517 489 11011
550 459 600 489 est
632 457 671 494 in*
700 456 850 488 omnibus
888 455 1034 497 templiS,
1070 455 1134 486 nisi
1173 455 1290 497 quibus
1328 455 1493 486 &onsecra-

211 512 311 545 tionis
335 512 406 554 lege
430 522 618 543 concessum
643 512 701 542 est.
738 510 845 551 primo
865 512 975 542 autem
995 509 1079 551 apud
1098 508 1314 540 Athenienses
1335 510 1493 540 statutum

212 567 262 598 est
290 566 330 597 ab
358 565 510 597 Herculis
540 565 631 605 filiis,
664 575 744 606 quos
778 564 1032 605 insequebantur
1056 563 1104 604 hi,
1138 562 1193 604 qui
1227 564 1320 594 erant
1351 574 1370 594 a
1402 564 1495 604 patre

212 619 372 662 oppressi,
397 619 480 650 sicut
501 618 596 649 docet
615 618 648 649 in
668 617 857 649 duodecimo
873 616 981 658 <497>
1002 615 1135 648 Statius.
1164 616 1226 647 hoc
1246 616 1374 657 asylum
1395 616 1494 647 etiam

211 672 371 704 Romulus
395 671 543 703 imitatus
568 673 631 702 est:
655 671 739 702 unde
764 673 813 702 est
838 669 942 711 <VIII
957 669 1045 710 342>
1070 680 1179 711 quem
1199 669 1382 700 Romulus
1407 680 1494 701 acer

211 726 362 767 asylum
386 725 561 766 rettulit,
584 735 651 756 non
675 723 836 755 ‘statuit'.
882 733 970 764 quem
999 723 1096 755 locum
1125 724 1197 755 deus
1220 722 1393 762 †Lueor2·s‚
1416 722 1495 754 sicul

210 779 284 811 Piso
314 780 373 820 ait,
403 789 512 810 curare
540 778 662 810 dicitnr.
707 780 780 809 sunt
808 777 936 817 qnidam
965 777 1020 817 qui
1050 777 1169 818 dicunt,
1199 776 1265 807 ideo
1296 775 1430 807 Graecos
1459 776 1495 807 in

211 832 320 873 templo
352 830 498 870 Iunonis,
531 831 612 871 quod
642 831 765 872 asylum
795 832 874 871 erat,
900 830 1054 870 praedam
1084 830 1253 861 convexisse
1284 830 1330 861 vel
1361 829 1495 869 captivos

210 886 402 926 conclusisse,
425 885 507 925 quod
528 885 572 916 ibi
594 885 713 916 caedem
731 885 801 925 fieri
823 894 886 915 non
906 884 1024 915 liceret:
1048 886 1077 915 el
1096 884 1161 915 ideo
1183 883 1318 923 feminas
1337 885 1365 914 el
1381 893 1495 923 pueros

210 940 342 981 clausos,
365 939 446 979 quod
466 938 596 970 imbellis
619 941 694 970 esset
715 940 800 969 aetas
823 940 851 969 et
873 947 976 976 sexus,
1004 937 1113 977 quibus
1136 937 1230 968 eliam
1252 937 1350 969 hostes
1367 947 1496 977 parcere

210 995 435 1026 consueverunt.

302 1046 375 1078 762.
412 1054 566 1077 PHOEle
590 1044 726 1076 Achillis
750 1044 915 1086 magister.

301 1101 374 1132 763.
411 1108 480 1131 nvo
504 1110 563 1140 pro
588 1099 676 1130 illue.
768 1107 857 1130 GAZA
883 1109 1011 1139 sensus,
1035 1097 1208 1130 Persarum
1232 1098 1354 1139 lingua.
1389 1100 1421 1130 et
1446 1100 1495 1129 est

212 1153 336 1186 numeri
361 1153 538 1195 singularis
563 1154 700 1184 tantum.

302 1207 375 1239 764.
412 1215 625 1244 MENSAEQVE
654 1214 801 1238 DEossvM
829 1207 1004 1247 postquam
1030 1206 1140 1247 <351>
1172 1205 1354 1237 ‘excessere
1383 1216 1494 1237 omnes

211 1261 345 1304 adytis’.

302 1314 375 1348 765.
412 1327 618 1350 GRATERESQVE
635 1326 713 1346 Λνιιο
731 1326 832 1346 soum
855 1314 910 1354 qui
936 1316 1010 1345 sunt
1035 1314 1081 1345 vel
1108 1314 1262 1351 inaurati,
1294 1313 1340 1345 vel
1369 1313 1496 1345 laminis

211 1369 291 1409 tecti,
318 1368 364 1400 vel
390 1368 562 1399 incrustati.
655 1376 878 1406 CAPTIVAQVE
906 1375 1029 1399 VESTIS
1058 1378 1116 1408 pro
1141 1367 1357 1408 captivorum,
1388 1364 1420 1398 et
1445 1368 1495 1398 est

211 1423 290 1454 nota.
314 1421 463 1453 elocutio.

302 1475 375 1507 766.
411 1483 531 1507 LONGO
566 1483 700 1507 ORDINE
734 1475 833 1516 longa
866 1474 1089 1516 multitudine,
1123 1476 1159 1506 ut
1190 1474 1224 1505 in
1258 1476 1350 1505 sexto
1384 1473 1494 1514 <754>

211 1529 307 1562 unde
332 1539 462 1561 omnes
486 1529 602 1570 longo
628 1528 761 1560 ordine
782 1530 928 1570 posset,
949 1539 1021 1560 eum
1040 1539 1105 1559 non
1124 1527 1211 1559 dieat
1231 1527 1303 1568 ‘per
1323 1526 1494 1559 ordinem’.

210 1594 274 1616 non
296 1584 378 1615 enim
402 1583 474 1614 ordo
497 1585 564 1614 erat
586 1583 620 1613 in
643 1582 847 1613 multitudine.

302 1637 375 1669 768.
412 1649 510 1668 svsvs
532 1636 607 1676 qnia
630 1636 709 1667 inter
732 1635 838 1667 hostes.
908 1643 1018 1666 VOCES
1043 1642 1191 1666 IACTARE
1213 1645 1294 1675 quae
1314 1635 1495 1666 contrariae

212 1692 288 1723 sunt
315 1690 417 1722 latere
446 1689 599 1731 cupienti.
652 1691 683 1720 et
716 1688 900 1730 inquirendi
933 1688 1075 1719 officium
1110 1687 1151 1719 ad
1184 1698 1295 1719 vocem
1328 1688 1496 1719 transtulit

283 1799 298 1822 5
322 1797 376 1823 hoc
399 1796 494 1823 autem
518 1804 541 1822 e.
561 1804 586 1829 q.
607 1795 641 1830 s.]
666 1794 700 1822 cf.
726 1794 801 1821 Serv.
826 1793 862 1821 ad
887 1794 954 1820 Aen.
978 1793 1043 1820 VIII
1069 1796 1120 1820 342
1145 1794 1174 1820 et
1196 1793 1335 1827 mythogr.
1362 1793 1387 1819 II
1412 1795 1462 1820 166
1486 1792 1495 1827 ΙΙ

214 1835 245 1858 11
266 1832 343 1867 Ρ160]
363 1832 412 1862 Ι,4
432 1840 475 1866 ap.
495 1832 626 1858 Peterum
647 1840 673 1864 p.
695 1833 745 1857 118

285 1934 298 1956 1
319 1930 355 1956 ad
375 1929 543 1963 supplicium
563 1929 667 1955 Daniel
685 1928 771 1955 edidit
789 1929 799 1961 ΙΙ
817 1927 919 1955 asilum
939 1928 972 1954 H
987 1928 996 1961 ΙΙ
1015 1927 1118 1954 asirum
1139 1927 1205 1954 HE
1226 1928 1235 1960 ΙΙ
1258 1930 1273 1953 2
1294 1925 1427 1953 σύλασται
1448 1926 1472 1953 0
1487 1926 1496 1985 Ι,

213 1969 228 1992 3
248 1966 294 1992 vel
313 1965 388 1999 quod
412 1964 532 1999 fugienti
552 1985 557 1990 .
575 1986 580 1990 .
597 1987 602 1991 .
623 1964 753 1990 dicuntur
771 1963 876 1990 Daniel
894 1964 980 1990 edidit
1001 1966 1064 1997 post
1084 1963 1188 1990 Statius
1207 1963 1266 1997 (lin.
1287 1965 1314 1995 8)
1338 1963 1470 1989 collocata
1488 1966 1496 1996 {A

213 2005 229 2027 4
248 2000 330 2028 σύλαι
350 2001 373 2028 0
393 2002 402 2035 ΙΙ
426 2004 441 2027 5
461 2001 514 2027 hoc
534 2000 640 2034 autem]
666 1999 740 2033 quod
761 1999 844 2026 MEl
867 2000 876 2032 [Ι
899 1999 951 2026 nisi
974 1999 1087 2034 quibus]
1115 1999 1163 2025 sed
1186 1999 1215 2025 in
1238 1998 1281 2024 his
1306 1998 1405 2031 quibus
1424 1998 1469 2024 El
1487 1999 1496 2032 Ι]

213 2041 228 2063 6
247 2036 338 2071 primo
358 2037 466 2071 autem]
486 2036 577 2062 11111113
594 2036 705 2062 inerant
723 2035 752 2061 in
772 2037 851 2061 scuto
870 2034 932 2061 lora
955 2035 1055 2068 quibus
1080 2043 1178 2061 manus
1201 2034 1361 2060 inferebant
1384 2034 1416 2060 ut
1439 2033 1495 2067 cly-

212 2080 320 2106 peoque
345 2073 486 2098 sinistram
510 2072 681 2098 insertabam
706 2073 805 2105 aptans
829 2079 862 2097 oc
885 2070 946 2104 ipse
970 2070 1052 2096 multi
1076 2070 1122 2097 hic
1147 2071 1209 2097 add.
1231 2070 1281 2102 M,
1307 2070 1442 2103 expunxit
1461 2078 1494 2096 m.

213 2109 247 2140 cf.
267 2108 304 2134 acl
323 2108 391 2135 Aen.
411 2108 436 2134 ΙΙ
456 2111 507 2134 393
527 2116 563 2141 sq.
579 2109 588 2141 11
603 2107 723 2140 primum
743 2107 772 2132 E
785 2107 794 2141 ss
810 2110 823 2133 7
844 2106 884 2132 hii
904 2106 934 2132 E
951 2106 971 2132 ii
990 2106 1070 2139 vulqo
1084 2107 1094 2139 H
1113 2115 1130 2133 3
1148 2107 1227 2140 patre
1247 2105 1371 2140 ipsorum
1391 2105 1495 2131 Fabri·-

213 2143 295 2177 ciusfl
313 2146 329 2169 8
349 2143 421 2170 sicut
439 2144 537 2169 statius
558 2143 585 2169 in
605 2142 771 2169 duodecimo
791 2142 873 2168 docet
894 2142 929 2168 M
947 2142 956 2175 ΙΙ
975 2141 1094 2176 Statius]
1117 2142 1205 2168 ‘fama
1224 2142 1267 2168 est
1286 2141 1415 2167 defensos
1435 2140 1495 2167 acie

213 2180 278 2213 post
295 2179 378 2205 busta
396 2179 507 2213 paterni
533 2178 654 2205 numinis
678 2178 830 2205 Herculeos
857 2178 952 2204 sedem
974 2177 1106 2204 fundasse
1129 2177 1256 2211 nepotes’
1282 2177 1362 2210 vulyo
1387 2177 1495 2203 addun-

213 2217 259 2240 lm·
271 2215 281 2248 1Ι
295 2214 396 2241 asilum
416 2215 458 2247 H,
477 2223 526 2241 om.
550 2215 586 2240 M
604 2215 614 2248 ΙΙ
632 2213 730 2248 etiam]
751 2214 779 2239 et
799 2213 828 2239 E
844 2213 853 2247 ΙΙ
874 2216 906 2239 10
925 2213 1044 2247 asyllum
1065 2213 1098 2239 H
1113 2214 1122 2247 ΙΙ
1140 2213 1238 2239 retulit
1257 2212 1397 2238 LHME
1413 2212 1423 2245 Π
1442 2212 1495 2238 Lu-

214 2250 286 2276 coris
306 2250 329 2276 G
344 2250 485 2284 Lycoreus
506 2250 674 2281 Masvicius‚
693 2249 832 2283 Lycoreus
851 2249 892 2275 vel
910 2249 1031 2283 Lycores
1050 2249 1166 2276 coni.'0.
1184 2249 1305 2275 Iahnius
1324 2249 1399 2274 relat.
1416 2247 1493 2280 Lips.

214 2288 283 2312 1847
299 2294 328 2319 p.
349 2289 398 2312 421
419 2294 473 2320 sqq.
506 2285 620 2312 Lucaris
645 2285 824 2318 Hartunqius
847 2285 872 2311 cl.
892 2285 939 2311 rel.
959 2284 1037 2311 Rom.
1062 2285 1088 2310 11
1108 2294 1137 2318 p.
1158 2287 1192 2311 54
1214 2285 1224 2318 11
1247 2287 1279 2310 21
1304 2284 1434 2310 scholium
1458 2283 1495 2309 ad

214 2321 395 2355 Crateresque
415 2329 482 2348 auro
502 2321 586 2348 solidi
600 2322 686 2347 edidit
700 2321 804 2346 Daniel
817 2321 826 2353 ΙΙ
841 2323 874 2346 24
893 2320 979 2354 longa
992 2320 1172 2349 multitudiue
1192 2342 1196 2346 .
1215 2341 1220 2346 .
1238 2341 1243 2346 .
1263 2319 1357 2353 posset
1371 2327 1420 2344 om.
1438 2318 1471 2343 H
1486 2318 1495 2351 {1

214 2359 248 2383 25
268 2365 330 2383 eum
349 2365 398 2383 om.
419 2357 444 2383 L
464 2358 538 2391 (add.
558 2358 577 2391 l)
592 2358 601 2391 ΙΙ
621 2359 654 2383 28
673 2356 840 2382 lateuolenti
859 2356 885 2381 L
903 2356 1001 2389 (131616
1021 2356 1146 2389 cupienti
1165 2357 1184 2390 l)
1203 2356 1212 2389 ΙΙ
1231 2354 1361 2389 cupienti.
1400 2354 1429 2380 et
1449 2353 1494 2379 hic

214 2392 339 2420 ostendit
354 2394 382 2419 et
396 2401 425 2419 se
440 2392 498 2420 fato
519 2393 640 2420 euasisse
656 2393 684 2418 et
698 2392 757 2418 fato
772 2392 920 2426 coniugem
934 2391 1097 2426 perdidisse.
1127 2392 1175 2418 sed
1189 2390 1348 2425 inquirendi
1362 2398 1382 2416 e.
1398 2398 1422 2424 q.
1437 2397 1457 2416 s.
1474 2389 1497 2415 C

1515 727 1547 750 10

1516 995 1547 1018 15

1513 1263 1547 1286 20

1514 1532 1548 1555 25
