1722 2670
467 141 580 169 COMM.
598 141 638 168 IN
657 141 766 169 VERG.
785 141 869 170 AEN.
890 142 935 170 ΙΙΙ,
956 145 1104 169 322-330.
1355 141 1420 172 399

232 224 307 256 325.
345 236 471 257 οινΕιιεΔ
500 237 554 256 rm
582 236 716 259 moroan
746 236 854 255 meus
882 226 1040 263 tamquam
1066 233 1185 264 parum
1215 223 1333 264 fuerat,
1363 233 1422 263 pa-

143 278 239 309 triam
261 279 426 310 incensam.
1058 281 1081 318 χ

233 332 307 363 326.
344 343 456 364 srmrts
476 343 644 363 ACHILLI-ME
665 341 734 362 eum
753 340 865 371 mayno
883 330 985 362 dolore
996 330 1118 377 ’dietum
1132 329 1326 371 ‘Aehilleae'‚
1349 330 1424 370 quia

143 385 183 417 ab
205 395 238 417 eo
255 385 371 417 Hector
393 385 508 417 occisus
530 386 581 416 est.
615 386 644 415 et
665 385 745 416 idem
768 384 814 416 bis
837 382 925 415 dieu.
1017 391 1146 415 FAsrvs
1167 383 1361 424 superbiam.
1392 386 1424 415 et

145 439 195 470 est
218 439 352 480 quartae
375 437 613 478 declinationi&
645 448 720 469 nam
745 437 842 478 liber,
871 436 925 478 qui
949 437 1075 468 dierum
1097 436 1198 468 habet
1222 437 1423 478 conputatio-

144 502 228 533 nem,
252 491 409 523 secundae
433 490 662 523 declinationis
687 492 750 522 est:
773 490 857 521 unde
882 490 1003 521 erravit,
1026 489 1174 521 Lucanus
1198 488 1250 529 <X
1271 489 1355 530 187>
1378 489 1424 522 di-

145 544 244 576 cendo
268 555 335 577 nee
357 555 460 576 meus
483 544 636 576 Eudoxi
659 544 836 575 vincetur
859 543 1033 575 fastibus
1058 553 1190 574 annus.

235 598 309 630 327.
345 606 505 631 smzvrmo
530 605 662 629 ENIXAE
688 605 838 629 Tvnmvs
867 596 929 628 hoo
953 598 1003 628 est
1025 596 1235 637 pertulimus,
1263 596 1362 628 donec
1391 596 1426 627 in

146 652 279 684 serviffio
307 652 436 693 positae
464 651 670 683 eniteremur.
717 652 749 682 et
777 650 858 682 bene
881 649 1001 691 plurali
1024 649 1128 680 utitur
1150 659 1284 680 numero
1309 649 1350 680 ad
1374 660 1425 681 ex-

146 705 321 748 cusandum
343 705 510 747 pudorem.

234 758 309 791 328.
346 767 516 790 LEDAEAM
552 765 763 790 ΗΕΒΜΙΟΝΕΝ
800 757 835 788 id
870 758 913 788 est
943 755 1049 787 Ledae
1086 758 1231 797 neptem,
1271 756 1427 797 Tyndarei

143 812 264 851 uxoris,
293 822 388 852 quam
410 812 553 852 Iuppiter
574 812 610 843 in
632 821 762 852 eyynum
784 812 922 841 mutatus
942 809 1107 850 ⁸‹Jravidam
1128 809 1212 849 feeit,
1237 820 1314 850 quae
1337 821 1427 842 ovum

139 865 294 907 peperisse
315 866 436 907 dieitur,
459 866 540 897 unde
562 866 632 897 nati
653 867 727 897 sunt
749 864 879 904 Helena,
904 863 1013 896 Castor
1036 866 1064 895 et
1085 863 1208 895 Pollux.
1321 872 1427 895 LACE-

144 927 420 957 DAEMONIOSQVE
443 926 656 950 HYMENAEOS
677 929 750 949 eum
767 917 894 960 ingenti
912 917 1000 958 felle,
1024 928 1060 948 ae
1081 917 1108 948 si
1128 916 1261 948 diceret:
1281 917 1427 949 infelices

146 972 275 1005 maritis
300 983 436 1014 semper,
458 975 496 1004 ut
518 972 630 1004 Paridi
654 974 687 1003 et
709 971 892 1012 Deiphobo.

235 1026 309 1058 329.
346 1034 554 1058 TRANSMISIT
578 1033 773 1057 HABENDAM
797 1024 869 1056 erili
888 1024 1064 1065 voluntate,
1087 1035 1152 1055 non
1175 1024 1247 1066 lege
1271 1023 1428 1065 coniugii:

146 1079 193 1112 vel
214 1080 290 1120 quia
312 1080 392 1111 inter
415 1080 548 1120 captivos
571 1079 769 1111 matrimonio
791 1079 866 1118 fides
888 1088 951 1110 non
973 1078 1090 1110 stabat:
1119 1077 1202 1109 unde
1231 1078 1264 1108 et
1292 1077 1428 1109 ‘haben-

124 1162 127 1165 .
147 1132 244 1165 dam'>
261 1133 351 1165 dixit.
397 1135 426 1165 et
449 1132 663 1172 ‘transmisit'‚
686 1133 761 1174 quia
783 1132 842 1164 alii
865 1132 1008 1171 tradidit,
1031 1131 1159 1172 quidam
1183 1130 1353 1172 ‘permisit‘
1377 1141 1428 1162 ae-

146 1187 273 1227 efflant.

236 1239 311 1272 330.
348 1252 480 1272 eamme
500 1251 636 1272 comarcus
655 1239 735 1270 hane
749 1239 941 1271 Hermionen
959 1238 1088 1280 quidam
1107 1239 1220 1280 dieunt,
1239 1249 1308 1270 eum
1329 1237 1429 1270 Oresti

146 1295 220 1325 esset
251 1293 445 1333 desponsata,
472 1295 545 1333 post
575 1303 595 1323 a
626 1292 770 1324 Menelao
803 1293 890 1333 apud
920 1292 1048 1330 Troiam
1080 1292 1255 1324 admirante
1286 1293 1429 1323 virtutem

146 1346 274 1388 Pyrrhi,
296 1356 358 1378 esse
380 1346 430 1378 illi
446 1346 644 1386 promissam.
676 1346 735 1378 alii
757 1346 863 1378 dieunt
885 1356 906 1377 a
920 1346 1063 1377 Menelao
1086 1346 1207 1386 quidem
1230 1346 1316 1386 apud
1327 1345 1430 1377 Ilium

146 1399 271 1441 Pyrrho
298 1401 526 1440 desponsatam,
557 1400 611 1431 sed
637 1409 657 1430 a
687 1399 848 1440 Tyndareo
874 1398 986 1440 Oresti,
1020 1401 1159 1430 morante
1187 1399 1273 1439 apud
1302 1398 1430 1430 Troiam

148 1453 284 1494 Pyrrho,
307 1455 342 1485 ut
363 1448 491 1493 quidam
508 1453 712 1493 promissam,
735 1455 771 1484 ut
792 1453 919 1492 quidam
943 1453 1137 1484 coniunctam
1161 1452 1303 1483 tradunt:
1336 1462 1430 1492 quam

148 1517 217 1538 oum
230 1506 382 1547 Pyrrhus,
405 1507 537 1547 confisus
555 1506 710 1538 voluntate
723 1506 870 1544 Menelai,
894 1508 1035 1538 armatus
1053 1506 1250 1538 multitudine
1268 1506 1429 1547 rapuisset,

149 1560 187 1592 ab
219 1559 322 1592 Oreste
350 1560 476 1591 insidiis
505 1559 680 1598 interfectus
710 1561 761 1591 est.
807 1560 834 1591 si
864 1569 932 1599 erqo
965 1558 1082 1590 Orestes
1112 1569 1179 1590 eam
1212 1569 1338 1591 umorem
1368 1570 1431 1591 non

150 1614 294 1652 duxerat,
317 1623 372 1645 eur
396 1611 565 1653 ‘eoniuyis’
583 1612 712 1652 posuit?
757 1613 802 1644 sie
823 1622 892 1653 erqo
915 1612 1150 1653 intelleqendum
1173 1615 1228 1651 est,
1251 1623 1345 1652 quam
1368 1623 1430 1653 spe-

148 1667 241 1699 rabat
262 1667 428 1708 coniuyem,
450 1669 486 1698 ut
507 1666 542 1697 in
564 1666 692 1698 seeundo
706 1665 814 1707 <344>
833 1668 867 1697 et
884 1676 996 1707 yener
1019 1666 1217 1704 auxilium,
1241 1676 1310 1697 eum
1332 1666 1432 1698 adhue

149 1730 278 1762 sponsus
301 1722 382 1752 esset.

222 1793 238 1816 6
256 1789 330 1816 unde
354 1789 444 1816 eravit
465 1789 593 1816 Lucanus
613 1810 619 1816 .
641 1810 646 1815 .
668 1810 674 1815 .
693 1788 795 1824 annus]
821 1789 855 1817 cf.
879 1789 964 1816 Prisc.
984 1788 1022 1816 VI
1047 1792 1080 1816 ’12
1105 1790 1128 1823 (I
1146 1798 1174 1824 p.
1194 1791 1260 1823 256,
1282 1792 1313 1815 12
1332 1789 1379 1823 Η.)
1402 1790 1431 1816 et

151 1833 250 1853 comm.
269 1825 337 1852 Luc.
356 1825 381 1851 X
402 1828 452 1852 187

223 1909 239 1933 3
259 1906 296 1933 ad
315 1905 411 1940 stirpis
430 1904 575 1932 Achilleae
594 1914 670 1939 supr.
690 1913 756 1931 vers.
777 1913 840 1931 cum
858 1913 961 1939 magno
981 1905 1076 1932 dolore
1092 1926 1098 1931 .
1111 1926 1116 1931 .
1128 1926 1134 1931 .
1149 1905 1225 1932 idem
1242 1905 1285 1932 bis
1299 1905 1369 1932 dicit
1385 1905 1410 1931 T
1422 1905 1431 1940 ΙΙ

152 1945 169 1968 4
188 1941 319 1976 superbia
339 1941 396 1968 FO
417 1941 426 1975 ΙΙ
450 1944 464 1968 7
484 1940 606 1967 uincitur
630 1940 750 1967 fastibus
770 1949 856 1967 annos
876 1940 934 1967 FG'
953 1941 962 1975 ΙΙ
985 1944 1000 1968 9
1021 1941 1173 1967 ni‘neremur
1191 1941 1225 1967 H
1240 1940 1431 1967 emitteremus

152 1977 316 2011 Stephanus.
344 1977 442 2004 fabula.
461 1978 556 2003 autem
576 1978 619 2003 esb
635 1977 668 2003 ut
686 1975 874 2010 praediximus
893 1977 956 2004 add.
976 1977 1081 2003 Daniel
1094 1977 1103 2010 ss
1117 1976 1223 2003 utimur
1242 1977 1280 2002 M
1291 1977 1301 2010 ΙΙ
1317 1979 1347 2002 11
1368 1986 1432 2003 nnn-

152 2013 234 2040 mom'z
253 2013 323 2039 LM
334 2013 344 2046 ΙΙ
356 2013 489 2046 nepotem
505 2012 528 2039 C'
540 2013 549 2046 n
563 2013 600 2039 ad
614 2011 754 2038 Ledaeam
767 2011 937 2038 Hermionen
952 2020 1028 2045 supr.
1042 2020 1109 2039 vers.
1123 2012 1153 2038 id
1167 2013 1211 2038 est
1224 2012 1303 2038 ledae
1318 2013 1432 2046 neptem

154 2068 159 2074 .
182 2069 188 2075 .
208 2070 214 2076 .
234 2050 327 2075 castor
346 2049 375 2075 effi
393 2048 491 2082 pollux
511 2048 535 2073 T
548 2049 557 2081 ΙΙ
571 2047 664 2074 uxoris
683 2048 794 2080 scripsi:
813 2055 928 2074 uxorem
944 2047 1004 2073 FT
1016 2049 1025 2081 ΙΙ
1042 2051 1073 2074 12
1095 2048 1189 2075 ouium
1205 2047 1235 2073 F
1246 2048 1255 2080 ss
1271 2050 1303 2073 15
1323 2055 1432 2081 semper

153 2083 262 2110 maritis
283 2083 346 2110 ΟΜ
358 2085 367 2117 ΙΙ
383 2087 415 2110 16
435 2083 497 2110 erili
512 2105 517 2110 .
535 2105 540 2110 .
557 2104 563 2110 .
579 2083 653 2109 unde
672 2083 701 2109 et
719 2082 878 2109 habendam
897 2091 947 2109 om.
968 2085 997 2109 H
1009 2084 1018 2118 ΙΙ
1032 2083 1095 2110 erili
1114 2083 1184 2110 FC:
1202 2083 1286 2110 herili
1303 2083 1373 2109 LM
1377 2083 1407 2108 E

154 2122 188 2146 20
208 2120 245 2146 ad
271 2119 382 2153 ereptae
402 2118 530 2153 coniugis
549 2119 580 2145 in
598 2126 685 2152 marq.
704 2118 777 2144 hanc
795 2117 939 2146 hermione
960 2139 965 2145 .
987 2140 992 2145 .
1014 2140 1020 2146 .
1039 2119 1129 2145 adhuc
1149 2127 1266 2153 sponsus
1286 2119 1362 2145 esset
1382 2118 1407 2144 T
1430 2118 1432 2153 Ι

154 2154 260 2181 horesti
281 2154 306 2180 T
318 2155 328 2188 ΙΙ
341 2157 374 2181 21
394 2154 558 2189 disponsata
578 2153 608 2180 F
619 2154 629 2188 ΙΙ
642 2154 828 2180 admirantem
852 2153 916 2187 FT,
935 2162 1004 2181 corr.
1023 2154 1127 2181 Daniel
1140 2155 1150 2187 ΙΙ
1164 2157 1197 2180 22
1217 2154 1292 2188 pyrri
1308 2153 1338 2179 F
1349 2155 1358 2187 ΙΙ
1373 2162 1431 2180 esse

153 2190 268 2223 scripsi:
287 2198 348 2216 eam
367 2190 428 2216 FT
455 2190 528 2217 clam
548 2189 583 2216 F.
599 2190 748 2216 Schoellius
761 2190 771 2223 ΙΙ
785 2189 828 2215 illi
846 2197 896 2215 om.
918 2189 948 2215 F
959 2190 968 2224 ΙΙ
983 2193 1015 2216 23
1035 2198 1118 2224 porro
1138 2189 1168 2216 F
1194 2189 1289 2224 pirrho
1311 2189 1335 2215 T
1352 2190 1362 2223 ΙΙ
1376 2189 1431 2215 dis-

153 2227 269 2260 pontam
281 2225 311 2251 F
321 2226 331 2259 ΙΙ
345 2225 394 2252 sed
408 2234 426 2252 a.
435 2225 581 2260 Tyndareo
595 2226 708 2258 scripsi:
727 2233 758 2251 se
771 2233 788 2251 a
801 2224 930 2258 tyudario
941 2225 972 2251 F
988 2226 1035 2252 sed
1046 2225 1173 2252 tindareo
1186 2225 1211 2251 T
1229 2225 1276 2252 sed
1291 2225 1432 2258 Tyndario

155 2261 260 2287 Daniel
279 2261 328 2287 sed
346 2269 363 2287 a
382 2261 511 2295 Tyndaro
531 2261 687 2287 Masvicius
706 2262 730 2287 et
748 2260 931 2287 Burmannus
944 2262 954 2295 ss
967 2261 1095 2288 hrestiF
1111 2261 1222 2288 horeste
1236 2261 1260 2286 T
1272 2261 1281 2294 ΙΙ
1296 2263 1329 2286 24
1348 2268 1432 2294 pyrro

156 2296 187 2323 F
212 2297 222 2330 ΙΙ
249 2297 282 2323 ut
299 2296 414 2330 quidam
438 2297 565 2329 tradunt,
594 2295 772 2330 promissam,
797 2297 829 2322 ut
851 2295 978 2330 quidam,
1002 2296 1178 2324 coniunctam
1203 2297 1295 2323 debuit
1318 2296 1434 2322 seribere

155 2332 310 2403 scholiasgffs
323 2332 333 2366 ΙΙ
345 2334 497 2394 ἓόΓργι-τιιε
517 2332 547 2359 F
558 2333 568 2366 ss
582 2331 793 2358 multitudinem
813 2331 838 2357 Τ
850 2332 860 2366 ΙΙ
874 2334 907 2358 26
927 2332 1038 2359 horeste
1055 2332 1080 2358 T
1091 2333 1101 2367 ΙΙ
1114 2332 1240 2359 horestes
1253 2331 1277 2357 T
1289 2332 1298 2365 ΙΙ
1313 2339 1376 2357 eum
1387 2330 1418 2357 F
1423 2330 1433 2366 ji

156 2371 189 2395 29
209 2375 268 2395 esse
315 2375 344 2394 es

1446 710 1479 733 10

1448 978 1480 1001 15

1447 1245 1482 1268 20

1448 1512 1481 1535 25
