<?xml version="1.0" encoding="UTF-8"?>
<!DOCTYPE html PUBLIC "-//W3C//DTD XHTML 1.0 Transitional//EN"
    "http://www.w3.org/TR/xhtml1/DTD/xhtml1-transitional.dtd">
<html xmlns="http://www.w3.org/1999/xhtml" xml:lang="en" lang="en">
 <head>
  <title>
</title>
<meta http-equiv="Content-Type" content="text/html;charset=utf-8" />
  <meta name='ocr-system' content='tesseract 3.04.00' />
  <meta name='ocr-capabilities' content='ocr_page ocr_carea ocr_par ocr_line ocrx_word'/>
</head>
<body>
  <div class='ocr_page' id='page_1' title='image "./invergiliicarmin00servuoft/invergiliicarmin00servuoft_0299.png"; bbox 0 0 1630 2684; ppageno 0'>
   <div class='ocr_carea' id='block_1_1' title="bbox 0 0 84 41">
    <p class='ocr_par' dir='ltr' id='par_1_1' title="bbox 0 0 84 41">
     <span class='ocr_line' id='line_1_1' title="bbox 0 0 84 41; baseline 0 2643"><span class='ocrx_word' id='word_1_1' title='bbox 0 0 84 41; x_wconf 95' lang='lat' dir='ltr'><strong> </strong></span> 
     </span>
    </p>
   </div>
   <div class='ocr_carea' id='block_1_2' title="bbox 0 2355 26 2684">
    <p class='ocr_par' dir='ltr' id='par_1_2' title="bbox 0 2355 26 2684">
     <span class='ocr_line' id='line_1_2' title="bbox 0 2355 26 2684; textangle 90"><span class='ocrx_word' id='word_1_2' title='bbox 0 2645 26 2684; x_wconf 45' lang='grc' dir='ltr'><strong>ἢ</strong></span> <span class='ocrx_word' id='word_1_3' title='bbox 0 2563 22 2638; x_wconf 52' lang='grc' dir='ltr'><strong>ςΞὟιρξιζῠ</strong></span> <span class='ocrx_word' id='word_1_4' title='bbox 0 2511 15 2559; x_wconf 57' lang='lat' dir='ltr'><strong>rum</strong></span> <span class='ocrx_word' id='word_1_5' title='bbox 0 2377 14 2502; x_wconf 45' lang='lat' dir='ltr'><strong>acm-*ww</strong></span> <span class='ocrx_word' id='word_1_6' title='bbox 7 2355 15 2361; x_wconf 51' lang='grc'><strong>.,</strong></span> 
     </span>
    </p>
   </div>
   <div class='ocr_carea' id='block_1_3' title="bbox 454 153 1410 185">
    <p class='ocr_par' dir='ltr' id='par_1_3' title="bbox 454 153 1410 185">
     <span class='ocr_line' id='line_1_3' title="bbox 454 153 1410 185; baseline 0.001 -2"><span class='ocrx_word' id='word_1_7' title='bbox 454 155 570 184; x_wconf 82' lang='lat' dir='ltr'><strong>COMM.</strong></span> <span class='ocrx_word' id='word_1_8' title='bbox 589 155 628 182; x_wconf 89' lang='lat' dir='ltr'><strong>IN</strong></span> <span class='ocrx_word' id='word_1_9' title='bbox 647 155 755 182; x_wconf 81' lang='lat' dir='ltr'><strong>VERG.</strong></span> <span class='ocrx_word' id='word_1_10' title='bbox 774 154 858 181; x_wconf 83' lang='lat' dir='ltr'><strong>AEN.</strong></span> <span class='ocrx_word' id='word_1_11' title='bbox 878 155 911 181; x_wconf 84' lang='grc' dir='ltr'><strong>ΙΙ.</strong></span> <span class='ocrx_word' id='word_1_12' title='bbox 931 157 1081 182; x_wconf 74' lang='lat'>421-441.</span> <span class='ocrx_word' id='word_1_13' title='bbox 1346 153 1410 185; x_wconf 81' lang='lat'><strong>287</strong></span> 
     </span>
    </p>
   </div>
   <div class='ocr_carea' id='block_1_4' title="bbox 121 235 1419 1564">
    <p class='ocr_par' dir='ltr' id='par_1_4' title="bbox 121 235 1412 333">
     <span class='ocr_line' id='line_1_4' title="bbox 128 235 1412 281; baseline -0.003 -10"><span class='ocrx_word' id='word_1_14' title='bbox 128 239 323 281; x_wconf 80' lang='lat' dir='ltr'><strong>sacrilegum</strong></span> <span class='ocrx_word' id='word_1_15' title='bbox 345 238 455 280; x_wconf 87' lang='lat' dir='ltr'><strong>datur,</strong></span> <span class='ocrx_word' id='word_1_16' title='bbox 478 238 530 270; x_wconf 84' lang='lat' dir='ltr'><strong>vel</strong></span> <span class='ocrx_word' id='word_1_17' title='bbox 549 247 622 269; x_wconf 89' lang='lat' dir='ltr'><strong>cum</strong></span> <span class='ocrx_word' id='word_1_18' title='bbox 641 238 796 278; x_wconf 86' lang='lat' dir='ltr'><strong>sequatur</strong></span> <span class='ocrx_word' id='word_1_19' title='bbox 819 235 950 268; x_wconf 72' lang='lat' dir='ltr'><strong>‘confixi</strong></span> <span class='ocrx_word' id='word_1_20' title='bbox 970 248 989 268; x_wconf 92' lang='lat' dir='ltr'><strong>a</strong></span> <span class='ocrx_word' id='word_1_21' title='bbox 1008 236 1130 269; x_wconf 84' lang='lat' dir='ltr'><strong>sociis&#39;.</strong></span> <span class='ocrx_word' id='word_1_22' title='bbox 1203 248 1340 268; x_wconf 62' lang='lat' dir='ltr'><strong>reamur</strong></span> <span class='ocrx_word' id='word_1_23' title='bbox 1366 235 1412 267; x_wconf 83' lang='lat' dir='ltr'><strong>vel</strong></span> 
     </span>
     <span class='ocr_line' id='line_1_5' title="bbox 121 281 1074 333; baseline -0.004 -8"><span class='ocrx_word' id='word_1_24' title='bbox 121 303 182 333; x_wconf 73' lang='lat' dir='ltr'><strong>pro</strong></span> <span class='ocrx_word' id='word_1_25' title='bbox 200 293 372 333; x_wconf 75' lang='lat' dir='ltr'><strong>perierunt.</strong></span> <span class='ocrx_word' id='word_1_26' title='bbox 460 299 605 322; x_wconf 75' lang='lat' dir='ltr'>PANTHV</span> <span class='ocrx_word' id='word_1_27' title='bbox 628 290 797 322; x_wconf 80' lang='lat' dir='ltr'><strong>vocativus</strong></span> <span class='ocrx_word' id='word_1_28' title='bbox 822 289 962 321; x_wconf 88' lang='lat' dir='ltr'><strong>Graecus</strong></span> <span class='ocrx_word' id='word_1_29' title='bbox 987 292 1046 322; x_wconf 86' lang='lat' dir='ltr'><strong>est.</strong></span> <span class='ocrx_word' id='word_1_30' title='bbox 1069 281 1074 286; x_wconf 59' lang='lat'><em>⁷</em></span> 
     </span>
    </p>

    <p class='ocr_par' dir='ltr' id='par_1_5' title="bbox 127 343 1415 547">
     <span class='ocr_line' id='line_1_6' title="bbox 216 343 1412 384; baseline -0.003 -6"><span class='ocrx_word' id='word_1_31' title='bbox 216 346 292 378; x_wconf 88' lang='lat'>431.</span> <span class='ocrx_word' id='word_1_32' title='bbox 327 354 434 377; x_wconf 80' lang='lat' dir='ltr'>1L1A01</span> <span class='ocrx_word' id='word_1_33' title='bbox 462 352 610 376; x_wconf 80' lang='lat' dir='ltr'>CINERES</span> <span class='ocrx_word' id='word_1_34' title='bbox 643 343 791 375; x_wconf 81' lang='lat' dir='ltr'><strong>naturale</strong></span> <span class='ocrx_word' id='word_1_35' title='bbox 819 345 870 374; x_wconf 88' lang='lat' dir='ltr'><strong>est</strong></span> <span class='ocrx_word' id='word_1_36' title='bbox 896 343 1003 374; x_wconf 88' lang='lat' dir='ltr'><strong>iurare</strong></span> <span class='ocrx_word' id='word_1_37' title='bbox 1035 354 1093 384; x_wconf 90' lang='lat' dir='ltr'><strong>per</strong></span> <span class='ocrx_word' id='word_1_38' title='bbox 1123 343 1156 374; x_wconf 85' lang='lat' dir='ltr'><strong>id</strong></span> <span class='ocrx_word' id='word_1_39' title='bbox 1189 343 1273 384; x_wconf 84' lang='lat' dir='ltr'><strong>quod</strong></span> <span class='ocrx_word' id='word_1_40' title='bbox 1302 354 1412 375; x_wconf 89' lang='lat' dir='ltr'><strong>carum</strong></span> 
     </span>
     <span class='ocr_line' id='line_1_7' title="bbox 129 395 1415 441; baseline -0.002 -10"><span class='ocrx_word' id='word_1_41' title='bbox 129 399 201 441; x_wconf 88' lang='lat' dir='ltr'><strong>quis</strong></span> <span class='ocrx_word' id='word_1_42' title='bbox 225 398 349 430; x_wconf 87' lang='lat' dir='ltr'><strong>habuit.</strong></span> <span class='ocrx_word' id='word_1_43' title='bbox 386 399 418 429; x_wconf 87' lang='lat' dir='ltr'><strong>et</strong></span> <span class='ocrx_word' id='word_1_44' title='bbox 437 398 622 435; x_wconf 85' lang='lat' dir='ltr'><strong>excusatur,</strong></span> <span class='ocrx_word' id='word_1_45' title='bbox 645 399 682 428; x_wconf 92' lang='lat' dir='ltr'><strong>ut</strong></span> <span class='ocrx_word' id='word_1_46' title='bbox 705 407 805 438; x_wconf 86' lang='lat' dir='ltr'><strong>supra</strong></span> <span class='ocrx_word' id='word_1_47' title='bbox 824 395 932 437; x_wconf 83' lang='lat'>&lt;415&gt;</span> <span class='ocrx_word' id='word_1_48' title='bbox 958 395 1113 437; x_wconf 79' lang='lat' dir='ltr'><strong>diximus,</strong></span> <span class='ocrx_word' id='word_1_49' title='bbox 1138 396 1224 437; x_wconf 85' lang='lat' dir='ltr'><strong>fuga.</strong></span> <span class='ocrx_word' id='word_1_50' title='bbox 1261 406 1329 437; x_wconf 67' lang='lat' dir='ltr'><strong>erqo</strong></span> <span class='ocrx_word' id='word_1_51' title='bbox 1350 397 1415 436; x_wconf 78' lang='lat' dir='ltr'><strong>fuit</strong></span> 
     </span>
     <span class='ocr_line' id='line_1_8' title="bbox 127 449 1413 491; baseline -0.003 -7"><span class='ocrx_word' id='word_1_52' title='bbox 127 451 332 485; x_wconf 70' lang='lat' dir='ltr'><strong>neoessarium</strong></span> <span class='ocrx_word' id='word_1_53' title='bbox 363 451 592 483; x_wconf 77' lang='lat' dir='ltr'><strong>iusiurandum.</strong></span> <span class='ocrx_word' id='word_1_54' title='bbox 683 463 821 482; x_wconf 61' lang='lat' dir='ltr'><strong>mmmm</strong></span> <span class='ocrx_word' id='word_1_55' title='bbox 855 460 933 481; x_wconf 79' lang='lat' dir='ltr'><strong>num</strong></span> <span class='ocrx_word' id='word_1_56' title='bbox 967 449 1033 481; x_wconf 78' lang='lat' dir='ltr'><strong>ideo</strong></span> <span class='ocrx_word' id='word_1_57' title='bbox 1066 449 1217 485; x_wconf 64' lang='lat' dir='ltr'><strong>‘eatrema</strong></span> <span class='ocrx_word' id='word_1_58' title='bbox 1248 460 1386 481; x_wconf 79' lang='lat' dir='ltr'><strong>meorum</strong></span> <span class='ocrx_word' id='word_1_59' title='bbox 1395 450 1413 491; x_wconf 80' lang='lat'><strong>⁵,</strong></span> 
     </span>
     <span class='ocr_line' id='line_1_9' title="bbox 128 503 814 547; baseline -0.004 -9"><span class='ocrx_word' id='word_1_60' title='bbox 128 506 211 547; x_wconf 72' lang='lat' dir='ltr'><strong>quod</strong></span> <span class='ocrx_word' id='word_1_61' title='bbox 230 506 394 547; x_wconf 72' lang='lat' dir='ltr'><strong>eoeistimet,</strong></span> <span class='ocrx_word' id='word_1_62' title='bbox 417 505 498 536; x_wconf 70' lang='lat' dir='ltr'><em>nihil</em></span> <span class='ocrx_word' id='word_1_63' title='bbox 521 515 558 536; x_wconf 75' lang='lat' dir='ltr'><strong>ex</strong></span> <span class='ocrx_word' id='word_1_64' title='bbox 580 514 617 536; x_wconf 80' lang='lat' dir='ltr'><strong>ea</strong></span> <span class='ocrx_word' id='word_1_65' title='bbox 638 503 814 545; x_wconf 67' lang='lat' dir='ltr'><strong>superesse?</strong></span> 
     </span>
    </p>

    <p class='ocr_par' dir='ltr' id='par_1_6' title="bbox 217 556 954 591">
     <span class='ocr_line' id='line_1_10' title="bbox 217 556 954 591; baseline -0.004 0"><span class='ocrx_word' id='word_1_66' title='bbox 217 559 292 591; x_wconf 80' lang='lat'><strong>432.</strong></span> <span class='ocrx_word' id='word_1_67' title='bbox 329 567 463 590; x_wconf 79' lang='lat' dir='ltr'>TESTOR</span> <span class='ocrx_word' id='word_1_68' title='bbox 486 558 658 590; x_wconf 86' lang='lat' dir='ltr'><strong>testificor:</strong></span> <span class='ocrx_word' id='word_1_69' title='bbox 682 559 716 589; x_wconf 90' lang='lat' dir='ltr'><strong>et</strong></span> <span class='ocrx_word' id='word_1_70' title='bbox 738 557 830 589; x_wconf 88' lang='lat' dir='ltr'><strong>deest</strong></span> <span class='ocrx_word' id='word_1_71' title='bbox 853 556 954 588; x_wconf 82' lang='lat' dir='ltr'><strong>‘vos’.</strong></span> 
     </span>
    </p>

    <p class='ocr_par' dir='ltr' id='par_1_7' title="bbox 127 610 1415 814">
     <span class='ocr_line' id='line_1_11' title="bbox 216 610 1415 653; baseline -0.002 -8"><span class='ocrx_word' id='word_1_72' title='bbox 216 612 292 645; x_wconf 86' lang='lat'><strong>433.</strong></span> <span class='ocrx_word' id='word_1_73' title='bbox 328 620 429 644; x_wconf 74' lang='lat' dir='ltr'><strong>Vlcsss</strong></span> <span class='ocrx_word' id='word_1_74' title='bbox 462 621 602 653; x_wconf 84' lang='lat' dir='ltr'><strong>pugnas,</strong></span> <span class='ocrx_word' id='word_1_75' title='bbox 635 610 712 652; x_wconf 89' lang='lat' dir='ltr'><strong>quia</strong></span> <span class='ocrx_word' id='word_1_76' title='bbox 743 621 801 652; x_wconf 89' lang='lat' dir='ltr'><strong>per</strong></span> <span class='ocrx_word' id='word_1_77' title='bbox 833 610 1092 642; x_wconf 86' lang='lat' dir='ltr'><strong>vicissitudinem</strong></span> <span class='ocrx_word' id='word_1_78' title='bbox 1122 611 1344 652; x_wconf 76' lang='lat' dir='ltr'>pugnabatur,</span> <span class='ocrx_word' id='word_1_79' title='bbox 1378 613 1415 643; x_wconf 92' lang='lat' dir='ltr'><strong>ut</strong></span> 
     </span>
     <span class='ocr_line' id='line_1_12' title="bbox 128 663 1414 706; baseline -0.002 -8"><span class='ocrx_word' id='word_1_80' title='bbox 128 665 305 698; x_wconf 74' lang='lat' dir='ltr'><strong>Sallustius</strong></span> <span class='ocrx_word' id='word_1_81' title='bbox 323 665 426 697; x_wconf 88' lang='lat' dir='ltr'><strong>docet.</strong></span> <span class='ocrx_word' id='word_1_82' title='bbox 462 665 602 706; x_wconf 87' lang='lat' dir='ltr'><strong>legimus</strong></span> <span class='ocrx_word' id='word_1_83' title='bbox 622 664 722 696; x_wconf 86' lang='lat' dir='ltr'><strong>etiam</strong></span> <span class='ocrx_word' id='word_1_84' title='bbox 741 675 863 706; x_wconf 88' lang='lat' dir='ltr'><strong>poenas</strong></span> <span class='ocrx_word' id='word_1_85' title='bbox 883 663 994 696; x_wconf 80' lang='lat' dir='ltr'><strong>‘vices&#39;</strong></span> <span class='ocrx_word' id='word_1_86' title='bbox 1014 664 1091 696; x_wconf 82' lang='lat' dir='ltr'><strong>diei:</strong></span> <span class='ocrx_word' id='word_1_87' title='bbox 1115 663 1273 696; x_wconf 76' lang='lat' dir='ltr'><strong>Horatius</strong></span> <span class='ocrx_word' id='word_1_88' title='bbox 1293 664 1414 697; x_wconf 86' lang='lat' dir='ltr'><strong>vices-</strong></span> 
     </span>
     <span class='ocr_line' id='line_1_13' title="bbox 129 714 1415 762; baseline -0.002 -10"><span class='ocrx_word' id='word_1_89' title='bbox 129 730 200 762; x_wconf 86' lang='lat' dir='ltr'><strong>que</strong></span> <span class='ocrx_word' id='word_1_90' title='bbox 223 719 415 761; x_wconf 81' lang='lat' dir='ltr'><strong>superbae</strong></span> <span class='ocrx_word' id='word_1_91' title='bbox 438 721 476 751; x_wconf 88' lang='lat' dir='ltr'><strong>te</strong></span> <span class='ocrx_word' id='word_1_92' title='bbox 500 714 682 750; x_wconf 52' lang='lat' dir='ltr'><strong>manea‘ffb</strong></span> <span class='ocrx_word' id='word_1_93' title='bbox 704 718 839 760; x_wconf 86' lang='lat' dir='ltr'><strong>ipsum.</strong></span> <span class='ocrx_word' id='word_1_94' title='bbox 876 717 938 750; x_wconf 73' lang='lat' dir='ltr'><strong>ced</strong></span> <span class='ocrx_word' id='word_1_95' title='bbox 961 718 1001 749; x_wconf 82' lang='lat' dir='ltr'><strong>dc</strong></span> <span class='ocrx_word' id='word_1_96' title='bbox 1024 718 1111 750; x_wconf 90' lang='lat' dir='ltr'><strong>bello</strong></span> <span class='ocrx_word' id='word_1_97' title='bbox 1135 721 1327 759; x_wconf 88' lang='lat' dir='ltr'><strong>usurpatum</strong></span> <span class='ocrx_word' id='word_1_98' title='bbox 1351 721 1415 760; x_wconf 81' lang='lat' dir='ltr'><strong>est3</strong></span> 
     </span>
     <span class='ocr_line' id='line_1_14' title="bbox 127 770 1280 814; baseline -0.002 -9"><span class='ocrx_word' id='word_1_99' title='bbox 127 773 255 805; x_wconf 89' lang='lat' dir='ltr'><strong>nullum</strong></span> <span class='ocrx_word' id='word_1_100' title='bbox 279 772 366 804; x_wconf 88' lang='lat' dir='ltr'><strong>enim</strong></span> <span class='ocrx_word' id='word_1_101' title='bbox 388 772 549 814; x_wconf 89' lang='lat' dir='ltr'><strong>proelium</strong></span> <span class='ocrx_word' id='word_1_102' title='bbox 574 774 663 804; x_wconf 85' lang='lat' dir='ltr'><strong>caret</strong></span> <span class='ocrx_word' id='word_1_103' title='bbox 685 771 838 813; x_wconf 86' lang='lat' dir='ltr'><strong>periculo.</strong></span> <span class='ocrx_word' id='word_1_104' title='bbox 884 772 979 812; x_wconf 69' lang='lat' dir='ltr'><strong>[erqo]</strong></span> <span class='ocrx_word' id='word_1_105' title='bbox 1005 770 1113 803; x_wconf 75' lang='lat' dir='ltr'><strong>‘vices’</strong></span> <span class='ocrx_word' id='word_1_106' title='bbox 1131 772 1280 812; x_wconf 77' lang='lat' dir='ltr'><strong>pericula.</strong></span> 
     </span>
    </p>

    <p class='ocr_par' dir='ltr' id='par_1_8' title="bbox 124 824 1416 1082">
     <span class='ocr_line' id='line_1_15' title="bbox 217 824 1415 866; baseline -0.003 -7"><span class='ocrx_word' id='word_1_107' title='bbox 217 827 292 859; x_wconf 83' lang='lat'><strong>434.</strong></span> <span class='ocrx_word' id='word_1_108' title='bbox 329 835 501 858; x_wconf 80' lang='lat' dir='ltr'>MERVISSE</span> <span class='ocrx_word' id='word_1_109' title='bbox 521 835 620 858; x_wconf 80' lang='lat' dir='ltr'>MANV</span> <span class='ocrx_word' id='word_1_110' title='bbox 643 826 749 857; x_wconf 89' lang='lat' dir='ltr'><strong>testor</strong></span> <span class='ocrx_word' id='word_1_111' title='bbox 771 836 823 857; x_wconf 91' lang='lat' dir='ltr'><strong>me</strong></span> <span class='ocrx_word' id='word_1_112' title='bbox 847 825 1016 866; x_wconf 86' lang='lat' dir='ltr'><strong>meruisse,</strong></span> <span class='ocrx_word' id='word_1_113' title='bbox 1039 824 1072 856; x_wconf 91' lang='lat' dir='ltr'><strong>id</strong></span> <span class='ocrx_word' id='word_1_114' title='bbox 1096 827 1146 857; x_wconf 88' lang='lat' dir='ltr'><strong>est</strong></span> <span class='ocrx_word' id='word_1_115' title='bbox 1169 825 1301 857; x_wconf 86' lang='lat' dir='ltr'><strong>fortiter</strong></span> <span class='ocrx_word' id='word_1_116' title='bbox 1323 826 1415 857; x_wconf 87' lang='lat' dir='ltr'><strong>dimi-</strong></span> 
     </span>
     <span class='ocr_line' id='line_1_16' title="bbox 129 878 1415 914; baseline -0.002 -1"><span class='ocrx_word' id='word_1_117' title='bbox 129 892 234 914; x_wconf 90' lang='lat' dir='ltr'><strong>casse:</strong></span> <span class='ocrx_word' id='word_1_118' title='bbox 263 880 298 912; x_wconf 87' lang='lat' dir='ltr'><strong>hi</strong></span> <span class='ocrx_word' id='word_1_119' title='bbox 325 881 412 912; x_wconf 86' lang='lat' dir='ltr'><strong>enim</strong></span> <span class='ocrx_word' id='word_1_120' title='bbox 440 882 606 912; x_wconf 87' lang='lat' dir='ltr'><strong>merentur</strong></span> <span class='ocrx_word' id='word_1_121' title='bbox 634 879 746 911; x_wconf 80' lang='lat' dir='ltr'><strong>occidi.</strong></span> <span class='ocrx_word' id='word_1_122' title='bbox 792 879 874 910; x_wconf 90' lang='lat' dir='ltr'><strong>bene</strong></span> <span class='ocrx_word' id='word_1_123' title='bbox 903 880 1013 910; x_wconf 86' lang='lat' dir='ltr'><strong>autem</strong></span> <span class='ocrx_word' id='word_1_124' title='bbox 1043 878 1184 910; x_wconf 88' lang='lat' dir='ltr'><strong>evasisse</strong></span> <span class='ocrx_word' id='word_1_125' title='bbox 1208 890 1242 911; x_wconf 88' lang='lat' dir='ltr'><strong>se</strong></span> <span class='ocrx_word' id='word_1_126' title='bbox 1266 879 1345 911; x_wconf 87' lang='lat' dir='ltr'><strong>fatis</strong></span> <span class='ocrx_word' id='word_1_127' title='bbox 1369 879 1415 911; x_wconf 90' lang='lat' dir='ltr'><strong>in-</strong></span> 
     </span>
     <span class='ocr_line' id='line_1_17' title="bbox 129 931 1414 976; baseline -0.002 -9"><span class='ocrx_word' id='word_1_128' title='bbox 129 936 237 976; x_wconf 88' lang='lat' dir='ltr'><strong>putat,</strong></span> <span class='ocrx_word' id='word_1_129' title='bbox 270 945 342 967; x_wconf 86' lang='lat' dir='ltr'><strong>cum</strong></span> <span class='ocrx_word' id='word_1_130' title='bbox 374 936 443 966; x_wconf 86' lang='lat' dir='ltr'><strong>tam</strong></span> <span class='ocrx_word' id='word_1_131' title='bbox 477 944 588 975; x_wconf 81' lang='lat' dir='ltr'><strong>senex,</strong></span> <span class='ocrx_word' id='word_1_132' title='bbox 621 943 719 974; x_wconf 88' lang='lat' dir='ltr'><strong>quam</strong></span> <span class='ocrx_word' id='word_1_133' title='bbox 749 931 865 964; x_wconf 85' lang='lat' dir='ltr'><strong>debilis</strong></span> <span class='ocrx_word' id='word_1_134' title='bbox 895 931 1019 972; x_wconf 76' lang='lat' dir='ltr'><strong>Iphitus</strong></span> <span class='ocrx_word' id='word_1_135' title='bbox 1049 934 1077 964; x_wconf 83' lang='lat' dir='ltr'><strong>et</strong></span> <span class='ocrx_word' id='word_1_136' title='bbox 1105 931 1211 964; x_wconf 66' lang='lat' dir='ltr'><strong>Pelias</strong></span> <span class='ocrx_word' id='word_1_137' title='bbox 1244 933 1414 974; x_wconf 84' lang='lat' dir='ltr'><strong>evaserint,</strong></span> 
     </span>
     <span class='ocr_line' id='line_1_18' title="bbox 129 986 1416 1028; baseline -0.001 -8"><span class='ocrx_word' id='word_1_138' title='bbox 129 988 244 1020; x_wconf 85' lang='lat' dir='ltr'><strong>occisis</strong></span> <span class='ocrx_word' id='word_1_139' title='bbox 276 987 457 1020; x_wconf 87' lang='lat' dir='ltr'><strong>iuvenibus.</strong></span> <span class='ocrx_word' id='word_1_140' title='bbox 548 999 735 1019; x_wconf 69' lang='grc' dir='ltr'><strong>οινειιηινιι</strong></span> <span class='ocrx_word' id='word_1_141' title='bbox 757 986 801 1018; x_wconf 79' lang='lat' dir='ltr'><strong>sie</strong></span> <span class='ocrx_word' id='word_1_142' title='bbox 832 986 925 1027; x_wconf 63' lang='lat' dir='ltr'><strong>dixit,</strong></span> <span class='ocrx_word' id='word_1_143' title='bbox 957 986 1047 1026; x_wconf 71' lang='lat' dir='ltr'><strong>quasa·</strong></span> <span class='ocrx_word' id='word_1_144' title='bbox 1079 988 1209 1028; x_wconf 65' lang='lat' dir='ltr'><strong>accuset,</strong></span> <span class='ocrx_word' id='word_1_145' title='bbox 1240 987 1322 1027; x_wconf 81' lang='lat' dir='ltr'><strong>quod</strong></span> <span class='ocrx_word' id='word_1_146' title='bbox 1352 997 1416 1019; x_wconf 78' lang='lat' dir='ltr'><strong>non</strong></span> 
     </span>
     <span class='ocr_line' id='line_1_19' title="bbox 124 1042 285 1082; baseline 0 -8"><span class='ocrx_word' id='word_1_147' title='bbox 124 1042 285 1082; x_wconf 73' lang='lat' dir='ltr'><strong>perierint.</strong></span> 
     </span>
    </p>

    <p class='ocr_par' dir='ltr' id='par_1_9' title="bbox 219 1092 1073 1134">
     <span class='ocr_line' id='line_1_20' title="bbox 219 1092 1073 1134; baseline -0.004 -7"><span class='ocrx_word' id='word_1_148' title='bbox 219 1095 294 1127; x_wconf 88' lang='lat'>436.</span> <span class='ocrx_word' id='word_1_149' title='bbox 335 1107 472 1127; x_wconf 63' lang='lat' dir='ltr'><strong>walmes</strong></span> <span class='ocrx_word' id='word_1_150' title='bbox 496 1107 578 1126; x_wconf 74' lang='lat' dir='ltr'><strong>nzxz</strong></span> <span class='ocrx_word' id='word_1_151' title='bbox 598 1094 679 1134; x_wconf 74' lang='lat' dir='ltr'><strong>quod</strong></span> <span class='ocrx_word' id='word_1_152' title='bbox 701 1093 749 1125; x_wconf 69' lang='lat' dir='ltr'><strong>illi</strong></span> <span class='ocrx_word' id='word_1_153' title='bbox 778 1092 883 1125; x_wconf 68' lang='lat' dir='ltr'><strong>Vlixes</strong></span> <span class='ocrx_word' id='word_1_154' title='bbox 905 1093 1073 1133; x_wconf 72' lang='lat' dir='ltr'><strong>inflixerat.</strong></span> 
     </span>
    </p>

    <p class='ocr_par' dir='ltr' id='par_1_10' title="bbox 125 1147 1419 1404">
     <span class='ocr_line' id='line_1_21' title="bbox 219 1147 1417 1188; baseline -0.001 -7"><span class='ocrx_word' id='word_1_155' title='bbox 219 1149 295 1181; x_wconf 82' lang='lat'><strong>437.</strong></span> <span class='ocrx_word' id='word_1_156' title='bbox 331 1161 475 1181; x_wconf 71' lang='lat' dir='ltr'><strong>Pnomvvs</strong></span> <span class='ocrx_word' id='word_1_157' title='bbox 487 1161 527 1180; x_wconf 79' lang='lat' dir='ltr'><strong>AD</strong></span> <span class='ocrx_word' id='word_1_158' title='bbox 542 1160 633 1179; x_wconf 80' lang='lat' dir='ltr'><em>SEDES</em></span> <span class='ocrx_word' id='word_1_159' title='bbox 646 1160 752 1180; x_wconf 81' lang='lat' dir='ltr'><strong><em>PRIAMI</em></strong></span> <span class='ocrx_word' id='word_1_160' title='bbox 767 1147 899 1178; x_wconf 72' lang='lat' dir='ltr'><strong>servavit</strong></span> <span class='ocrx_word' id='word_1_161' title='bbox 912 1147 1064 1186; x_wconf 68' lang='lat' dir='ltr'><strong>ordinem,</strong></span> <span class='ocrx_word' id='word_1_162' title='bbox 1083 1149 1118 1179; x_wconf 84' lang='lat' dir='ltr'><strong>ut</strong></span> <span class='ocrx_word' id='word_1_163' title='bbox 1129 1147 1235 1187; x_wconf 67' lang='lat' dir='ltr'><strong>primo</strong></span> <span class='ocrx_word' id='word_1_164' title='bbox 1249 1148 1285 1179; x_wconf 84' lang='lat' dir='ltr'><strong>de</strong></span> <span class='ocrx_word' id='word_1_165' title='bbox 1299 1149 1417 1188; x_wconf 73' lang='lat' dir='ltr'><strong>patria,</strong></span> 
     </span>
     <span class='ocr_line' id='line_1_22' title="bbox 125 1200 1416 1243; baseline -0.001 -9"><span class='ocrx_word' id='word_1_166' title='bbox 125 1204 199 1243; x_wconf 75' lang='lat' dir='ltr'><strong>post</strong></span> <span class='ocrx_word' id='word_1_167' title='bbox 215 1203 252 1234; x_wconf 81' lang='lat' dir='ltr'><strong>de</strong></span> <span class='ocrx_word' id='word_1_168' title='bbox 268 1212 336 1243; x_wconf 75' lang='lat' dir='ltr'><strong>reye</strong></span> <span class='ocrx_word' id='word_1_169' title='bbox 354 1202 515 1234; x_wconf 70' lang='lat' dir='ltr'><strong>curaverit.</strong></span> <span class='ocrx_word' id='word_1_170' title='bbox 549 1200 712 1242; x_wconf 71' lang='lat' dir='ltr'><strong>‘protinus’</strong></span> <span class='ocrx_word' id='word_1_171' title='bbox 736 1200 786 1232; x_wconf 72' lang='lat' dir='ltr'><strong>hic</strong></span> <span class='ocrx_word' id='word_1_172' title='bbox 803 1201 924 1238; x_wconf 55' lang='lat' dir='ltr'><strong>statim,</strong></span> <span class='ocrx_word' id='word_1_173' title='bbox 947 1200 1024 1232; x_wconf 72' lang='lat' dir='ltr'><strong>alibi</strong></span> <span class='ocrx_word' id='word_1_174' title='bbox 1041 1211 1137 1241; x_wconf 75' lang='lat' dir='ltr'><strong>porro</strong></span> <span class='ocrx_word' id='word_1_175' title='bbox 1161 1203 1256 1233; x_wconf 75' lang='lat' dir='ltr'><strong>tenus.</strong></span> <span class='ocrx_word' id='word_1_176' title='bbox 1338 1210 1416 1233; x_wconf 80' lang='lat' dir='ltr'>CLA-</span> 
     </span>
     <span class='ocr_line' id='line_1_23' title="bbox 132 1254 1417 1288; baseline -0.002 0"><span class='ocrx_word' id='word_1_177' title='bbox 132 1264 229 1288; x_wconf 67' lang='lat' dir='ltr'><strong>nom«)</strong></span> <span class='ocrx_word' id='word_1_178' title='bbox 247 1255 366 1288; x_wconf 81' lang='lat' dir='ltr'><strong>bellico</strong></span> <span class='ocrx_word' id='word_1_179' title='bbox 387 1255 521 1287; x_wconf 80' lang='lat' dir='ltr'><strong>scilicet.</strong></span> <span class='ocrx_word' id='word_1_180' title='bbox 598 1267 700 1286; x_wconf 63' lang='lat' dir='ltr'><strong>vocar]</strong></span> <span class='ocrx_word' id='word_1_181' title='bbox 715 1254 878 1286; x_wconf 79' lang='lat' dir='ltr'><strong>clamorem</strong></span> <span class='ocrx_word' id='word_1_182' title='bbox 896 1255 997 1286; x_wconf 76' lang='lat' dir='ltr'><strong>secuti.</strong></span> <span class='ocrx_word' id='word_1_183' title='bbox 1071 1263 1256 1286; x_wconf 82' lang='lat' dir='ltr'>INGENTEM</span> <span class='ocrx_word' id='word_1_184' title='bbox 1275 1263 1417 1287; x_wconf 73' lang='lat' dir='ltr'><strong>PveNAM</strong></span> 
     </span>
     <span class='ocr_line' id='line_1_24' title="bbox 131 1307 1419 1351; baseline -0.001 -10"><span class='ocrx_word' id='word_1_185' title='bbox 131 1309 263 1351; x_wconf 89' lang='lat' dir='ltr'><strong>merito,</strong></span> <span class='ocrx_word' id='word_1_186' title='bbox 292 1309 411 1351; x_wconf 88' lang='lat' dir='ltr'><strong>quippe</strong></span> <span class='ocrx_word' id='word_1_187' title='bbox 434 1308 470 1340; x_wconf 89' lang='lat' dir='ltr'><strong>in</strong></span> <span class='ocrx_word' id='word_1_188' title='bbox 493 1307 590 1340; x_wconf 87' lang='lat' dir='ltr'><strong>domo</strong></span> <span class='ocrx_word' id='word_1_189' title='bbox 614 1308 718 1350; x_wconf 85' lang='lat' dir='ltr'><strong>regia,</strong></span> <span class='ocrx_word' id='word_1_190' title='bbox 745 1308 799 1339; x_wconf 76' lang='lat' dir='ltr'><strong>ubi</strong></span> <span class='ocrx_word' id='word_1_191' title='bbox 821 1310 877 1339; x_wconf 82' lang='lat' dir='ltr'><strong>aut</strong></span> <span class='ocrx_word' id='word_1_192' title='bbox 902 1310 996 1348; x_wconf 74' lang='lat' dir='ltr'><strong>caput</strong></span> <span class='ocrx_word' id='word_1_193' title='bbox 1017 1309 1063 1340; x_wconf 82' lang='lat' dir='ltr'><strong>rei</strong></span> <span class='ocrx_word' id='word_1_194' title='bbox 1087 1308 1227 1348; x_wconf 71' lang='lat' dir='ltr'><strong>publicae</strong></span> <span class='ocrx_word' id='word_1_195' title='bbox 1253 1311 1333 1350; x_wconf 81' lang='lat' dir='ltr'><strong>erat,</strong></span> <span class='ocrx_word' id='word_1_196' title='bbox 1363 1312 1419 1340; x_wconf 77' lang='lat' dir='ltr'><strong>aut</strong></span> 
     </span>
     <span class='ocr_line' id='line_1_25' title="bbox 131 1361 749 1404; baseline -0.003 -9"><span class='ocrx_word' id='word_1_197' title='bbox 131 1362 171 1395; x_wconf 87' lang='lat' dir='ltr'><strong>de</strong></span> <span class='ocrx_word' id='word_1_198' title='bbox 194 1373 259 1404; x_wconf 88' lang='lat' dir='ltr'><strong>qua</strong></span> <span class='ocrx_word' id='word_1_199' title='bbox 282 1362 386 1394; x_wconf 87' lang='lat' dir='ltr'><strong>maior</strong></span> <span class='ocrx_word' id='word_1_200' title='bbox 409 1372 482 1403; x_wconf 85' lang='lat' dir='ltr'><strong>spes</strong></span> <span class='ocrx_word' id='word_1_201' title='bbox 508 1363 578 1393; x_wconf 84' lang='lat' dir='ltr'><strong>erat</strong></span> <span class='ocrx_word' id='word_1_202' title='bbox 601 1361 749 1403; x_wconf 86' lang='lat' dir='ltr'><strong>praedae.</strong></span> 
     </span>
    </p>

    <p class='ocr_par' dir='ltr' id='par_1_11' title="bbox 134 1416 1418 1511">
     <span class='ocr_line' id='line_1_26' title="bbox 221 1416 1418 1458; baseline 0.001 -11"><span class='ocrx_word' id='word_1_203' title='bbox 221 1416 295 1448; x_wconf 86' lang='lat'><strong>439.</strong></span> <span class='ocrx_word' id='word_1_204' title='bbox 328 1428 443 1448; x_wconf 62' lang='lat' dir='ltr'><strong>roxem</strong></span> <span class='ocrx_word' id='word_1_205' title='bbox 455 1425 514 1456; x_wconf 75' lang='lat' dir='ltr'><strong>pro</strong></span> <span class='ocrx_word' id='word_1_206' title='bbox 533 1417 637 1447; x_wconf 77' lang='lat' dir='ltr'><strong>essent.</strong></span> <span class='ocrx_word' id='word_1_207' title='bbox 705 1424 946 1447; x_wconf 79' lang='lat' dir='ltr'>MORERENTVR</span> <span class='ocrx_word' id='word_1_208' title='bbox 964 1426 1030 1447; x_wconf 89' lang='lat' dir='ltr'><strong>non</strong></span> <span class='ocrx_word' id='word_1_209' title='bbox 1048 1417 1245 1457; x_wconf 84' lang='lat' dir='ltr'><strong>pugnarent,</strong></span> <span class='ocrx_word' id='word_1_210' title='bbox 1265 1417 1302 1447; x_wconf 88' lang='lat' dir='ltr'><strong>ut</strong></span> <span class='ocrx_word' id='word_1_211' title='bbox 1321 1427 1418 1458; x_wconf 87' lang='lat' dir='ltr'><strong>supra</strong></span> 
     </span>
     <span class='ocr_line' id='line_1_27' title="bbox 134 1468 883 1511; baseline -0.001 -10"><span class='ocrx_word' id='word_1_212' title='bbox 134 1469 244 1511; x_wconf 88' lang='lat'>&lt;411&gt;</span> <span class='ocrx_word' id='word_1_213' title='bbox 269 1469 471 1511; x_wconf 89' lang='lat' dir='ltr'><strong>oriturque</strong></span> <span class='ocrx_word' id='word_1_214' title='bbox 495 1469 715 1501; x_wconf 86' lang='lat' dir='ltr'><strong>miserrima</strong></span> <span class='ocrx_word' id='word_1_215' title='bbox 739 1468 883 1500; x_wconf 84' lang='lat' dir='ltr'><strong>caedes.</strong></span> 
     </span>
    </p>

    <p class='ocr_par' dir='ltr' id='par_1_12' title="bbox 222 1522 1187 1564">
     <span class='ocr_line' id='line_1_28' title="bbox 222 1522 1187 1564; baseline 0 -10"><span class='ocrx_word' id='word_1_216' title='bbox 222 1522 298 1554; x_wconf 88' lang='lat'>441.</span> <span class='ocrx_word' id='word_1_217' title='bbox 335 1531 425 1554; x_wconf 77' lang='lat' dir='ltr'>ACTA</span> <span class='ocrx_word' id='word_1_218' title='bbox 449 1531 646 1554; x_wconf 77' lang='lat' dir='ltr'>TESTVDINE</span> <span class='ocrx_word' id='word_1_219' title='bbox 672 1522 841 1564; x_wconf 84' lang='lat' dir='ltr'><strong>adplicita,</strong></span> <span class='ocrx_word' id='word_1_220' title='bbox 864 1523 909 1554; x_wconf 84' lang='lat' dir='ltr'><strong>vel</strong></span> <span class='ocrx_word' id='word_1_221' title='bbox 931 1533 1009 1563; x_wconf 77' lang='lat' dir='ltr'><strong>quae</strong></span> <span class='ocrx_word' id='word_1_222' title='bbox 1031 1522 1187 1564; x_wconf 62' lang='lat' dir='ltr'><strong>agebatur.</strong></span> 
     </span>
    </p>
   </div>
   <div class='ocr_carea' id='block_1_5' title="bbox 137 1594 351 1599">
    <p class='ocr_par' dir='ltr' id='par_1_13' title="bbox 137 1594 351 1599">
     <span class='ocr_line' id='line_1_29' title="bbox 137 1594 351 1599; baseline 0 0"><span class='ocrx_word' id='word_1_223' title='bbox 137 1594 351 1599; x_wconf 95' lang='lat' dir='ltr'><strong> </strong></span> 
     </span>
    </p>
   </div>
   <div class='ocr_carea' id='block_1_6' title="bbox 133 1616 1417 1743">
    <p class='ocr_par' dir='ltr' id='par_1_14' title="bbox 133 1616 1417 1743">
     <span class='ocr_line' id='line_1_30' title="bbox 205 1616 1417 1672; baseline 0 -8"><span class='ocrx_word' id='word_1_224' title='bbox 205 1641 221 1664; x_wconf 86' lang='lat'>3</span> <span class='ocrx_word' id='word_1_225' title='bbox 240 1637 368 1664; x_wconf 80' lang='lat' dir='ltr'><strong>naturale</strong></span> <span class='ocrx_word' id='word_1_226' title='bbox 387 1638 430 1664; x_wconf 86' lang='lat' dir='ltr'><strong>est</strong></span> <span class='ocrx_word' id='word_1_227' title='bbox 449 1645 471 1664; x_wconf 87' lang='lat' dir='ltr'><strong>e.</strong></span> <span class='ocrx_word' id='word_1_228' title='bbox 491 1646 518 1671; x_wconf 87' lang='lat' dir='ltr'><strong>q.</strong></span> <span class='ocrx_word' id='word_1_229' title='bbox 538 1637 570 1671; x_wconf 73' lang='grc'><strong>8.]</strong></span> <span class='ocrx_word' id='word_1_230' title='bbox 593 1616 626 1664; x_wconf 66' lang='lat' dir='ltr'><strong>ct&#39;.</strong></span> <span class='ocrx_word' id='word_1_231' title='bbox 647 1636 717 1664; x_wconf 89' lang='lat' dir='ltr'><strong>Don.</strong></span> <span class='ocrx_word' id='word_1_232' title='bbox 737 1636 773 1664; x_wconf 88' lang='lat' dir='ltr'><strong>ad</strong></span> <span class='ocrx_word' id='word_1_233' title='bbox 792 1637 854 1663; x_wconf 87' lang='lat' dir='ltr'><strong>Ter.</strong></span> <span class='ocrx_word' id='word_1_234' title='bbox 874 1636 960 1663; x_wconf 87' lang='lat' dir='ltr'><strong>Andr.</strong></span> <span class='ocrx_word' id='word_1_235' title='bbox 980 1637 1019 1663; x_wconf 93' lang='lat' dir='ltr'><strong>III</strong></span> <span class='ocrx_word' id='word_1_236' title='bbox 1038 1641 1064 1670; x_wconf 91' lang='lat'><strong>3,</strong></span> <span class='ocrx_word' id='word_1_237' title='bbox 1079 1638 1148 1671; x_wconf 76' lang='grc'><strong>9119</strong></span> <span class='ocrx_word' id='word_1_238' title='bbox 1170 1637 1332 1672; x_wconf 86' lang='lat' dir='ltr'><strong>Sallustius]</strong></span> <span class='ocrx_word' id='word_1_239' title='bbox 1352 1637 1417 1665; x_wconf 85' lang='lat' dir='ltr'><strong>hist.</strong></span> 
     </span>
     <span class='ocr_line' id='line_1_31' title="bbox 133 1672 1417 1743; baseline 0.001 -44"><span class='ocrx_word' id='word_1_240' title='bbox 133 1673 359 1736; x_wconf 30' lang='lat' dir='ltr'><strong>{ffllliiiigtlgxi’</strong></span> <span class='ocrx_word' id='word_1_241' title='bbox 374 1673 426 1743; x_wconf 61' lang='lat' dir='ltr'><strong>1K21·,.</strong></span> <span class='ocrx_word' id='word_1_242' title='bbox 442 1672 622 1735; x_wconf 50' lang='lat' dir='ltr'><strong>{1⁷Horatius]</strong></span> <span class='ocrx_word' id='word_1_243' title='bbox 643 1681 726 1700; x_wconf 88' lang='lat' dir='ltr'><strong>carm.</strong></span> <span class='ocrx_word' id='word_1_244' title='bbox 746 1673 759 1699; x_wconf 95' lang='lat' dir='ltr'>I</span> <span class='ocrx_word' id='word_1_245' title='bbox 778 1676 825 1707; x_wconf 82' lang='grc'><strong>28,</strong></span> <span class='ocrx_word' id='word_1_246' title='bbox 845 1675 878 1699; x_wconf 98' lang='grc'><strong>32</strong></span> <span class='ocrx_word' id='word_1_247' title='bbox 901 1674 911 1707; x_wconf 78' lang='lat' dir='ltr'>ss</span> <span class='ocrx_word' id='word_1_248' title='bbox 941 1676 971 1699; x_wconf 85' lang='grc'><strong>17</strong></span> <span class='ocrx_word' id='word_1_249' title='bbox 992 1673 1067 1707; x_wconf 90' lang='lat' dir='ltr'><strong>quod</strong></span> <span class='ocrx_word' id='word_1_250' title='bbox 1085 1673 1128 1700; x_wconf 91' lang='lat' dir='ltr'><strong>illi</strong></span> <span class='ocrx_word' id='word_1_251' title='bbox 1147 1673 1242 1700; x_wconf 84' lang='lat' dir='ltr'><strong>Ulixes</strong></span> <span class='ocrx_word' id='word_1_252' title='bbox 1267 1673 1417 1708; x_wconf 83' lang='lat' dir='ltr'><strong>inflixerat]</strong></span> 
     </span>
    </p>
   </div>
   <div class='ocr_carea' id='block_1_7' title="bbox 138 1773 350 1776">
    <p class='ocr_par' dir='ltr' id='par_1_15' title="bbox 138 1773 350 1776">
     <span class='ocr_line' id='line_1_32' title="bbox 138 1773 350 1776; baseline 0 0"><span class='ocrx_word' id='word_1_253' title='bbox 138 1773 350 1776; x_wconf 95' lang='lat' dir='ltr'><strong> </strong></span> 
     </span>
    </p>
   </div>
   <div class='ocr_carea' id='block_1_8' title="bbox 209 1814 1425 1850">
    <p class='ocr_par' dir='ltr' id='par_1_16' title="bbox 209 1814 1425 1850">
     <span class='ocr_line' id='line_1_33' title="bbox 209 1814 1425 1850; baseline -0.001 -7"><span class='ocrx_word' id='word_1_254' title='bbox 209 1819 222 1842; x_wconf 95' lang='lat'>1</span> <span class='ocrx_word' id='word_1_255' title='bbox 250 1816 296 1843; x_wconf 82' lang='lat' dir='ltr'><strong>vel</strong></span> <span class='ocrx_word' id='word_1_256' title='bbox 320 1824 383 1843; x_wconf 90' lang='lat' dir='ltr'><strong>cum</strong></span> <span class='ocrx_word' id='word_1_257' title='bbox 407 1817 538 1850; x_wconf 86' lang='lat' dir='ltr'><strong>sequatur</strong></span> <span class='ocrx_word' id='word_1_258' title='bbox 562 1815 597 1841; x_wconf 83' lang='lat' dir='ltr'><strong>F.</strong></span> <span class='ocrx_word' id='word_1_259' title='bbox 618 1814 781 1842; x_wconf 81' lang='lat' dir='ltr'><strong>Schoellias:</strong></span> <span class='ocrx_word' id='word_1_260' title='bbox 807 1816 839 1842; x_wconf 87' lang='lat' dir='ltr'><strong>ut</strong></span> <span class='ocrx_word' id='word_1_261' title='bbox 862 1824 925 1842; x_wconf 89' lang='lat' dir='ltr'><strong>cum</strong></span> <span class='ocrx_word' id='word_1_262' title='bbox 949 1816 1082 1849; x_wconf 89' lang='lat' dir='ltr'><strong>sequatur</strong></span> <span class='ocrx_word' id='word_1_263' title='bbox 1100 1816 1165 1842; x_wconf 86' lang='lat' dir='ltr'><strong>LH</strong></span> <span class='ocrx_word' id='word_1_264' title='bbox 1168 1816 1205 1842; x_wconf 87' lang='lat' dir='ltr'><em>M</em></span> <span class='ocrx_word' id='word_1_265' title='bbox 1209 1815 1239 1842; x_wconf 86' lang='lat' dir='ltr'><strong><em>E</em></strong></span> <span class='ocrx_word' id='word_1_266' title='bbox 1270 1817 1299 1843; x_wconf 88' lang='lat' dir='ltr'><strong>et</strong></span> <span class='ocrx_word' id='word_1_267' title='bbox 1322 1815 1425 1843; x_wconf 80' lang='lat' dir='ltr'><strong>conse-&#39;</strong></span> 
     </span>
    </p>
   </div>
   <div class='ocr_carea' id='block_1_9' title="bbox 135 1851 1420 2420">
    <p class='ocr_par' dir='ltr' id='par_1_17' title="bbox 135 1851 1420 2420">
     <span class='ocr_line' id='line_1_34' title="bbox 136 1851 1419 1886; baseline 0 -8"><span class='ocrx_word' id='word_1_268' title='bbox 136 1852 239 1886; x_wconf 84' lang='lat' dir='ltr'><strong>quatur</strong></span> <span class='ocrx_word' id='word_1_269' title='bbox 264 1851 287 1878; x_wconf 84' lang='lat'><em>0</em></span> <span class='ocrx_word' id='word_1_270' title='bbox 317 1860 380 1878; x_wconf 88' lang='lat' dir='ltr'><strong>cum</strong></span> <span class='ocrx_word' id='word_1_271' title='bbox 406 1853 539 1886; x_wconf 85' lang='lat' dir='ltr'><strong>sequatur</strong></span> <span class='ocrx_word' id='word_1_272' title='bbox 562 1851 706 1880; x_wconf 64' lang='lat' dir='ltr'><strong>Leidensis</strong></span> <span class='ocrx_word' id='word_1_273' title='bbox 724 1851 885 1877; x_wconf 52' lang='lat' dir='ltr'><strong>Bustaarmi</strong></span> <span class='ocrx_word' id='word_1_274' title='bbox 908 1860 973 1877; x_wconf 90' lang='lat' dir='ltr'><strong>nam</strong></span> <span class='ocrx_word' id='word_1_275' title='bbox 993 1851 1118 1885; x_wconf 89' lang='lat' dir='ltr'><strong>sequitur</strong></span> <span class='ocrx_word' id='word_1_276' title='bbox 1136 1852 1294 1878; x_wconf 69' lang='lat' dir='ltr'><strong>Fabricius</strong></span> <span class='ocrx_word' id='word_1_277' title='bbox 1331 1852 1419 1885; x_wconf 81' lang='lat' dir='ltr'><strong>possis</strong></span> 
     </span>
     <span class='ocr_line' id='line_1_35' title="bbox 137 1887 1418 1921; baseline -0.001 -7"><span class='ocrx_word' id='word_1_278' title='bbox 137 1890 161 1914; x_wconf 79' lang='lat' dir='ltr'><strong>et</strong></span> <span class='ocrx_word' id='word_1_279' title='bbox 179 1896 212 1914; x_wconf 73' lang='grc' dir='ltr'><strong>σω</strong></span> <span class='ocrx_word' id='word_1_280' title='bbox 233 1887 344 1914; x_wconf 84' lang='lat' dir='ltr'><strong>Tiberio</strong></span> <span class='ocrx_word' id='word_1_281' title='bbox 362 1888 475 1914; x_wconf 78' lang='lat' dir='ltr'><strong>Donato</strong></span> <span class='ocrx_word' id='word_1_282' title='bbox 494 1887 531 1913; x_wconf 75' lang='lat' dir='ltr'><strong>ad</strong></span> <span class='ocrx_word' id='word_1_283' title='bbox 549 1887 622 1913; x_wconf 77' lang='lat' dir='ltr'><strong><em>hunc</em></strong></span> <span class='ocrx_word' id='word_1_284' title='bbox 640 1895 664 1913; x_wconf 86' lang='lat' dir='ltr'><strong>v.</strong></span> <span class='ocrx_word' id='word_1_285' title='bbox 683 1887 809 1920; x_wconf 78' lang='lat' dir='ltr'><strong>supplere</strong></span> <span class='ocrx_word' id='word_1_286' title='bbox 827 1896 944 1913; x_wconf 74' lang='lat' dir='ltr'><strong>ranavsr</strong></span> <span class='ocrx_word' id='word_1_287' title='bbox 967 1888 1086 1921; x_wconf 84' lang='lat' dir='ltr'><strong>augetur</strong></span> <span class='ocrx_word' id='word_1_288' title='bbox 1111 1887 1330 1920; x_wconf 81' lang='lat' dir='ltr'><strong>commiseratio,</strong></span> <span class='ocrx_word' id='word_1_289' title='bbox 1355 1896 1418 1913; x_wconf 87' lang='lat' dir='ltr'><strong>cum</strong></span> 
     </span>
     <span class='ocr_line' id='line_1_36' title="bbox 137 1922 1419 1957; baseline -0.001 -7"><span class='ocrx_word' id='word_1_290' title='bbox 137 1924 269 1957; x_wconf 80' lang='lat' dir='ltr'><strong>sequatur</strong></span> <span class='ocrx_word' id='word_1_291' title='bbox 290 1923 300 1957; x_wconf 79' lang='grc' dir='ltr'><strong>ΙΙ</strong></span> <span class='ocrx_word' id='word_1_292' title='bbox 327 1923 435 1950; x_wconf 86' lang='lat' dir='ltr'><strong>confixa</strong></span> <span class='ocrx_word' id='word_1_293' title='bbox 454 1922 536 1949; x_wconf 87' lang='lat' dir='ltr'><strong>sociis</strong></span> <span class='ocrx_word' id='word_1_294' title='bbox 557 1922 580 1948; x_wconf 81' lang='lat' dir='ltr'><strong><em>C</em></strong></span> <span class='ocrx_word' id='word_1_295' title='bbox 600 1923 609 1956; x_wconf 77' lang='lat' dir='ltr'><strong>l]</strong></span> <span class='ocrx_word' id='word_1_296' title='bbox 636 1925 652 1948; x_wconf 93' lang='grc'><strong>2</strong></span> <span class='ocrx_word' id='word_1_297' title='bbox 677 1923 720 1948; x_wconf 86' lang='lat' dir='ltr'><strong>est</strong></span> <span class='ocrx_word' id='word_1_298' title='bbox 744 1931 842 1956; x_wconf 87' lang='lat' dir='ltr'><strong>grecus</strong></span> <span class='ocrx_word' id='word_1_299' title='bbox 862 1922 886 1949; x_wconf 83' lang='lat' dir='ltr'><em>G</em></span> <span class='ocrx_word' id='word_1_300' title='bbox 906 1923 915 1956; x_wconf 66' lang='grc' dir='ltr'><strong>ΙΙ</strong></span> <span class='ocrx_word' id='word_1_301' title='bbox 943 1925 959 1948; x_wconf 85' lang='grc'>4</span> <span class='ocrx_word' id='word_1_302' title='bbox 978 1922 1040 1956; x_wconf 89' lang='lat' dir='ltr'><strong>quis</strong></span> <span class='ocrx_word' id='word_1_303' title='bbox 1059 1923 1159 1949; x_wconf 90' lang='lat' dir='ltr'><strong>habuit</strong></span> <span class='ocrx_word' id='word_1_304' title='bbox 1177 1923 1251 1949; x_wconf 89' lang='lat' dir='ltr'><strong>LH:</strong></span> <span class='ocrx_word' id='word_1_305' title='bbox 1269 1923 1419 1949; x_wconf 88' lang='lat' dir='ltr'><strong>habuimus</strong></span> 
     </span>
     <span class='ocr_line' id='line_1_37' title="bbox 137 1957 1420 1993; baseline 0 -8"><span class='ocrx_word' id='word_1_306' title='bbox 137 1958 234 1985; x_wconf 79' lang='lat' dir='ltr'><strong>GMle</strong></span> <span class='ocrx_word' id='word_1_307' title='bbox 260 1959 362 1986; x_wconf 85' lang='lat' dir='ltr'><strong>habuit</strong></span> <span class='ocrx_word' id='word_1_308' title='bbox 379 1959 410 1984; x_wconf 87' lang='grc' dir='ltr'><em>Ε</em></span> <span class='ocrx_word' id='word_1_309' title='bbox 421 1960 431 1992; x_wconf 72' lang='grc' dir='ltr'><strong>ΙΙ</strong></span> <span class='ocrx_word' id='word_1_310' title='bbox 444 1960 476 1985; x_wconf 91' lang='lat' dir='ltr'><strong>ut</strong></span> <span class='ocrx_word' id='word_1_311' title='bbox 495 1966 579 1993; x_wconf 88' lang='lat' dir='ltr'><strong>supra</strong></span> <span class='ocrx_word' id='word_1_312' title='bbox 598 1958 703 1984; x_wconf 86' lang='lat' dir='ltr'><strong>dictum</strong></span> <span class='ocrx_word' id='word_1_313' title='bbox 725 1957 748 1984; x_wconf 82' lang='grc' dir='ltr'><em>Ο</em></span> <span class='ocrx_word' id='word_1_314' title='bbox 763 1959 773 1991; x_wconf 84' lang='grc' dir='ltr'><strong>ΙΙ</strong></span> <span class='ocrx_word' id='word_1_315' title='bbox 791 1960 806 1983; x_wconf 85' lang='lat'>5</span> <span class='ocrx_word' id='word_1_316' title='bbox 825 1966 892 1984; x_wconf 88' lang='lat' dir='ltr'><strong>num</strong></span> <span class='ocrx_word' id='word_1_317' title='bbox 912 1959 1048 1991; x_wconf 78' lang='lat' dir='ltr'><strong>expumcit</strong></span> <span class='ocrx_word' id='word_1_318' title='bbox 1066 1967 1139 1985; x_wconf 74' lang='lat' dir='ltr'><strong>man.</strong></span> <span class='ocrx_word' id='word_1_319' title='bbox 1159 1966 1209 1985; x_wconf 84' lang='lat' dir='ltr'><strong>rec.</strong></span> <span class='ocrx_word' id='word_1_320' title='bbox 1229 1959 1261 1985; x_wconf 78' lang='lat' dir='ltr'><strong>in</strong></span> <span class='ocrx_word' id='word_1_321' title='bbox 1281 1958 1304 1985; x_wconf 81' lang='grc' dir='ltr'><em>Ο</em></span> <span class='ocrx_word' id='word_1_322' title='bbox 1319 1959 1328 1993; x_wconf 87' lang='grc' dir='ltr'><strong>ΙΙ</strong></span> <span class='ocrx_word' id='word_1_323' title='bbox 1348 1962 1362 1985; x_wconf 82' lang='grc'><strong>7</strong></span> <span class='ocrx_word' id='word_1_324' title='bbox 1383 1959 1420 1985; x_wconf 83' lang='lat' dir='ltr'><strong>ad</strong></span> 
     </span>
     <span class='ocr_line' id='line_1_38' title="bbox 137 1993 1420 2035; baseline -0.001 -14"><span class='ocrx_word' id='word_1_325' title='bbox 137 2002 162 2021; x_wconf 84' lang='lat' dir='ltr'><strong>v.</strong></span> <span class='ocrx_word' id='word_1_326' title='bbox 182 1997 234 2021; x_wconf 87' lang='grc'><strong>432</strong></span> <span class='ocrx_word' id='word_1_327' title='bbox 253 1994 363 2035; x_wconf 80' lang='lat' dir='ltr'><strong>Testor]</strong></span> <span class='ocrx_word' id='word_1_328' title='bbox 382 1994 525 2021; x_wconf 83' lang='lat' dir='ltr'><strong>testificor.</strong></span> <span class='ocrx_word' id='word_1_329' title='bbox 564 1994 593 2020; x_wconf 83' lang='lat' dir='ltr'><strong>et</strong></span> <span class='ocrx_word' id='word_1_330' title='bbox 611 1993 690 2020; x_wconf 85' lang='lat' dir='ltr'><strong>deest</strong></span> <span class='ocrx_word' id='word_1_331' title='bbox 710 1993 794 2020; x_wconf 86' lang='lat' dir='ltr'><strong>‘uos&#39;.</strong></span> <span class='ocrx_word' id='word_1_332' title='bbox 816 1993 843 2019; x_wconf 92' lang='lat' dir='ltr'><em>P</em></span> <span class='ocrx_word' id='word_1_333' title='bbox 859 1994 869 2027; x_wconf 82' lang='grc' dir='ltr'><strong>ΙΙ</strong></span> <span class='ocrx_word' id='word_1_334' title='bbox 892 1996 908 2020; x_wconf 87' lang='grc'>8</span> <span class='ocrx_word' id='word_1_335' title='bbox 928 1994 965 2020; x_wconf 84' lang='lat' dir='ltr'><strong>ad</strong></span> <span class='ocrx_word' id='word_1_336' title='bbox 982 2002 1006 2020; x_wconf 87' lang='lat' dir='ltr'><strong>v.</strong></span> <span class='ocrx_word' id='word_1_337' title='bbox 1026 1997 1078 2020; x_wconf 78' lang='lat'><strong>433</strong></span> <span class='ocrx_word' id='word_1_338' title='bbox 1098 1994 1192 2029; x_wconf 86' lang='lat' dir='ltr'><strong>Vices]</strong></span> <span class='ocrx_word' id='word_1_339' title='bbox 1213 2003 1334 2028; x_wconf 84' lang='lat' dir='ltr'><strong>pugnas,</strong></span> <span class='ocrx_word' id='word_1_340' title='bbox 1353 1994 1420 2028; x_wconf 84' lang='lat' dir='ltr'><strong>quia</strong></span> 
     </span>
     <span class='ocr_line' id='line_1_39' title="bbox 135 2029 1419 2064; baseline 0 -8"><span class='ocrx_word' id='word_1_341' title='bbox 135 2038 187 2064; x_wconf 88' lang='lat' dir='ltr'><strong>per</strong></span> <span class='ocrx_word' id='word_1_342' title='bbox 204 2029 426 2057; x_wconf 81' lang='lat' dir='ltr'><strong>uicissitudinem</strong></span> <span class='ocrx_word' id='word_1_343' title='bbox 445 2029 631 2064; x_wconf 86' lang='lat' dir='ltr'><strong>pugnabatur.</strong></span> <span class='ocrx_word' id='word_1_344' title='bbox 653 2029 681 2055; x_wconf 92' lang='lat' dir='ltr'><em>P</em></span> <span class='ocrx_word' id='word_1_345' title='bbox 693 2030 702 2063; x_wconf 81' lang='grc' dir='ltr'><strong>ΙΙ</strong></span> <span class='ocrx_word' id='word_1_346' title='bbox 715 2030 747 2055; x_wconf 85' lang='lat' dir='ltr'><strong>ut</strong></span> <span class='ocrx_word' id='word_1_347' title='bbox 766 2030 795 2056; x_wconf 82' lang='lat' dir='ltr'><strong>et</strong></span> <span class='ocrx_word' id='word_1_348' title='bbox 814 2029 951 2055; x_wconf 79' lang='lat' dir='ltr'><strong>Salustius</strong></span> <span class='ocrx_word' id='word_1_349' title='bbox 971 2029 1009 2055; x_wconf 91' lang='lat' dir='ltr'><em>M</em></span> <span class='ocrx_word' id='word_1_350' title='bbox 1020 2030 1059 2063; x_wconf 82' lang='grc'><strong>119</strong></span> <span class='ocrx_word' id='word_1_351' title='bbox 1079 2029 1148 2056; x_wconf 85' lang='lat' dir='ltr'><strong>dicit</strong></span> <span class='ocrx_word' id='word_1_352' title='bbox 1168 2030 1211 2063; x_wconf 80' lang='grc'><strong>011</strong></span> <span class='ocrx_word' id='word_1_353' title='bbox 1231 2033 1264 2056; x_wconf 91' lang='grc'><strong>10</strong></span> <span class='ocrx_word' id='word_1_354' title='bbox 1283 2030 1419 2064; x_wconf 83' lang='lat' dir='ltr'><strong>superbae</strong></span> 
     </span>
     <span class='ocr_line' id='line_1_40' title="bbox 136 2064 1420 2100; baseline 0 -8"><span class='ocrx_word' id='word_1_355' title='bbox 136 2074 187 2092; x_wconf 86' lang='lat' dir='ltr'><strong>om.</strong></span> <span class='ocrx_word' id='word_1_356' title='bbox 207 2065 231 2092; x_wconf 83' lang='grc' dir='ltr'><em>Ο</em></span> <span class='ocrx_word' id='word_1_357' title='bbox 251 2066 261 2099; x_wconf 72' lang='grc' dir='ltr'><strong>ΙΙ</strong></span> <span class='ocrx_word' id='word_1_358' title='bbox 288 2065 322 2092; x_wconf 81' lang='lat' dir='ltr'><strong>de</strong></span> <span class='ocrx_word' id='word_1_359' title='bbox 345 2066 433 2100; x_wconf 88' lang='lat' dir='ltr'><strong>bello]</strong></span> <span class='ocrx_word' id='word_1_360' title='bbox 458 2074 474 2092; x_wconf 87' lang='lat' dir='ltr'><strong>e</strong></span> <span class='ocrx_word' id='word_1_361' title='bbox 493 2065 568 2092; x_wconf 89' lang='lat' dir='ltr'><strong>bello</strong></span> <span class='ocrx_word' id='word_1_362' title='bbox 588 2065 626 2091; x_wconf 90' lang='lat' dir='ltr'><strong>H.</strong></span> <span class='ocrx_word' id='word_1_363' title='bbox 659 2066 691 2091; x_wconf 90' lang='lat' dir='ltr'><strong>ut</strong></span> <span class='ocrx_word' id='word_1_364' title='bbox 713 2064 819 2091; x_wconf 88' lang='lat' dir='ltr'><strong>dictum</strong></span> <span class='ocrx_word' id='word_1_365' title='bbox 843 2065 907 2091; x_wconf 83' lang='lat' dir='ltr'><strong>add.</strong></span> <span class='ocrx_word' id='word_1_366' title='bbox 927 2064 1092 2098; x_wconf 80' lang='lat' dir='ltr'><strong>Fabricius,</strong></span> <span class='ocrx_word' id='word_1_367' title='bbox 1116 2065 1216 2092; x_wconf 86' lang='lat' dir='ltr'><strong>ductus</strong></span> <span class='ocrx_word' id='word_1_368' title='bbox 1236 2066 1299 2093; x_wconf 81' lang='lat' dir='ltr'><strong>add.</strong></span> <span class='ocrx_word' id='word_1_369' title='bbox 1319 2065 1394 2092; x_wconf 67' lang='lat' dir='ltr'><strong>Ision</strong></span> <span class='ocrx_word' id='word_1_370' title='bbox 1411 2066 1420 2100; x_wconf 77' lang='grc' dir='ltr'>Η</span> 
     </span>
     <span class='ocr_line' id='line_1_41' title="bbox 138 2100 1419 2136; baseline 0 -9"><span class='ocrx_word' id='word_1_371' title='bbox 138 2104 169 2127; x_wconf 85' lang='grc'><strong>11</strong></span> <span class='ocrx_word' id='word_1_372' title='bbox 186 2101 294 2127; x_wconf 87' lang='lat' dir='ltr'><strong>nullum</strong></span> <span class='ocrx_word' id='word_1_373' title='bbox 308 2101 382 2127; x_wconf 89' lang='lat' dir='ltr'><strong>enim</strong></span> <span class='ocrx_word' id='word_1_374' title='bbox 395 2101 534 2136; x_wconf 86' lang='lat' dir='ltr'><strong>proelium</strong></span> <span class='ocrx_word' id='word_1_375' title='bbox 550 2102 627 2127; x_wconf 81' lang='lat' dir='ltr'><strong>caret</strong></span> <span class='ocrx_word' id='word_1_376' title='bbox 640 2100 765 2134; x_wconf 88' lang='lat' dir='ltr'><strong>periculo</strong></span> <span class='ocrx_word' id='word_1_377' title='bbox 782 2100 878 2127; x_wconf 84' lang='lat' dir='ltr'><strong>dubito</strong></span> <span class='ocrx_word' id='word_1_378' title='bbox 892 2108 958 2126; x_wconf 73' lang='lat' dir='ltr'><strong>num</strong></span> <span class='ocrx_word' id='word_1_379' title='bbox 973 2100 1064 2127; x_wconf 80' lang='lat' dir='ltr'><strong>Servii</strong></span> <span class='ocrx_word' id='word_1_380' title='bbox 1076 2101 1133 2127; x_wconf 73' lang='lat' dir='ltr'><strong>sint</strong></span> <span class='ocrx_word' id='word_1_381' title='bbox 1146 2101 1155 2135; x_wconf 83' lang='grc' dir='ltr'><strong>Ι]</strong></span> <span class='ocrx_word' id='word_1_382' title='bbox 1169 2101 1294 2135; x_wconf 81' lang='lat' dir='ltr'><strong>pericula</strong></span> <span class='ocrx_word' id='word_1_383' title='bbox 1307 2102 1419 2135; x_wconf 81' lang='lat' dir='ltr'><strong>scripsi:</strong></span> 
     </span>
     <span class='ocr_line' id='line_1_42' title="bbox 137 2135 1420 2170; baseline -0.001 -7"><span class='ocrx_word' id='word_1_384' title='bbox 137 2136 256 2170; x_wconf 86' lang='lat' dir='ltr'><strong>periculi</strong></span> <span class='ocrx_word' id='word_1_385' title='bbox 276 2136 304 2163; x_wconf 85' lang='grc' dir='ltr'><strong>Ο.</strong></span> <span class='ocrx_word' id='word_1_386' title='bbox 333 2137 368 2170; x_wconf 81' lang='lat' dir='ltr'><strong>cf.</strong></span> <span class='ocrx_word' id='word_1_387' title='bbox 387 2138 425 2164; x_wconf 86' lang='lat' dir='ltr'><strong>ad</strong></span> <span class='ocrx_word' id='word_1_388' title='bbox 443 2137 512 2163; x_wconf 74' lang='lat' dir='ltr'><strong>Aen.</strong></span> <span class='ocrx_word' id='word_1_389' title='bbox 532 2136 652 2163; x_wconf 74' lang='lat'>1113762</span> <span class='ocrx_word' id='word_1_390' title='bbox 672 2137 702 2162; x_wconf 88' lang='lat' dir='ltr'><strong>et</strong></span> <span class='ocrx_word' id='word_1_391' title='bbox 720 2136 766 2162; x_wconf 88' lang='lat' dir='ltr'><strong>hic</strong></span> <span class='ocrx_word' id='word_1_392' title='bbox 787 2135 885 2163; x_wconf 83' lang='lat' dir='ltr'><strong>‘vices&#39;</strong></span> <span class='ocrx_word' id='word_1_393' title='bbox 906 2135 1125 2169; x_wconf 83' lang='lat' dir='ltr'><strong>vicissitudines,</strong></span> <span class='ocrx_word' id='word_1_394' title='bbox 1145 2136 1214 2163; x_wconf 90' lang='lat' dir='ltr'><strong>alibi</strong></span> <span class='ocrx_word' id='word_1_395' title='bbox 1232 2137 1369 2170; x_wconf 81' lang='lat' dir='ltr'><strong>pericula,</strong></span> <span class='ocrx_word' id='word_1_396' title='bbox 1388 2138 1420 2162; x_wconf 84' lang='lat' dir='ltr'><strong>ut</strong></span> 
     </span>
     <span class='ocr_line' id='line_1_43' title="bbox 139 2171 1418 2206; baseline -0.001 -7"><span class='ocrx_word' id='word_1_397' title='bbox 139 2172 283 2199; x_wconf 81' lang='lat' dir='ltr'><strong>‘vitavisse</strong></span> <span class='ocrx_word' id='word_1_398' title='bbox 302 2172 376 2199; x_wconf 86' lang='lat' dir='ltr'><strong>vices</strong></span> <span class='ocrx_word' id='word_1_399' title='bbox 393 2172 543 2199; x_wconf 86' lang='lat' dir='ltr'><strong>Danaum&#39;.</strong></span> <span class='ocrx_word' id='word_1_400' title='bbox 558 2173 568 2206; x_wconf 84' lang='grc' dir='ltr'><strong>ΙΙ</strong></span> <span class='ocrx_word' id='word_1_401' title='bbox 583 2175 615 2198; x_wconf 82' lang='grc'><strong>12</strong></span> <span class='ocrx_word' id='word_1_402' title='bbox 635 2172 722 2198; x_wconf 85' lang='lat' dir='ltr'><strong>testor</strong></span> <span class='ocrx_word' id='word_1_403' title='bbox 740 2180 785 2198; x_wconf 87' lang='lat' dir='ltr'><strong>me</strong></span> <span class='ocrx_word' id='word_1_404' title='bbox 804 2171 936 2198; x_wconf 88' lang='lat' dir='ltr'><strong>meruisse</strong></span> <span class='ocrx_word' id='word_1_405' title='bbox 955 2179 1005 2198; x_wconf 69' lang='lat' dir='ltr'><strong>om.</strong></span> <span class='ocrx_word' id='word_1_406' title='bbox 1026 2172 1052 2197; x_wconf 90' lang='lat' dir='ltr'><strong><em>L</em></strong></span> <span class='ocrx_word' id='word_1_407' title='bbox 1065 2172 1075 2205; x_wconf 77' lang='lat'><strong>1]</strong></span> <span class='ocrx_word' id='word_1_408' title='bbox 1089 2181 1133 2199; x_wconf 90' lang='lat' dir='ltr'><strong>me</strong></span> <span class='ocrx_word' id='word_1_409' title='bbox 1153 2181 1202 2199; x_wconf 85' lang='lat' dir='ltr'><strong>om.</strong></span> <span class='ocrx_word' id='word_1_410' title='bbox 1223 2172 1288 2199; x_wconf 81' lang='lat' dir='ltr'><strong>OM</strong></span> <span class='ocrx_word' id='word_1_411' title='bbox 1299 2174 1309 2206; x_wconf 74' lang='grc'><strong>11</strong></span> <span class='ocrx_word' id='word_1_412' title='bbox 1325 2176 1356 2199; x_wconf 88' lang='grc'><strong>13</strong></span> <span class='ocrx_word' id='word_1_413' title='bbox 1377 2173 1418 2206; x_wconf 90' lang='lat' dir='ltr'><strong>hi]</strong></span> 
     </span>
     <span class='ocr_line' id='line_1_44' title="bbox 137 2207 1419 2242; baseline 0.001 -9"><span class='ocrx_word' id='word_1_414' title='bbox 137 2207 178 2233; x_wconf 91' lang='lat' dir='ltr'><strong>dii</strong></span> <span class='ocrx_word' id='word_1_415' title='bbox 193 2207 216 2234; x_wconf 88' lang='lat' dir='ltr'><em>C</em></span> <span class='ocrx_word' id='word_1_416' title='bbox 227 2209 237 2242; x_wconf 77' lang='grc' dir='ltr'><strong>ΙΙ</strong></span> <span class='ocrx_word' id='word_1_417' title='bbox 250 2207 372 2235; x_wconf 87' lang='lat' dir='ltr'><strong>euasisse</strong></span> <span class='ocrx_word' id='word_1_418' title='bbox 392 2216 421 2235; x_wconf 88' lang='lat' dir='ltr'><strong>se</strong></span> <span class='ocrx_word' id='word_1_419' title='bbox 441 2208 490 2235; x_wconf 76' lang='lat'><strong>01:</strong></span> <span class='ocrx_word' id='word_1_420' title='bbox 509 2207 632 2234; x_wconf 78' lang='lat' dir='ltr'><strong>euasisse</strong></span> <span class='ocrx_word' id='word_1_421' title='bbox 646 2207 743 2234; x_wconf 85' lang='lat' dir='ltr'><strong>LHE</strong></span> <span class='ocrx_word' id='word_1_422' title='bbox 769 2207 961 2241; x_wconf 80' lang='lat' dir='ltr'><strong>euassisseque</strong></span> <span class='ocrx_word' id='word_1_423' title='bbox 980 2215 1009 2234; x_wconf 88' lang='lat' dir='ltr'><strong>se</strong></span> <span class='ocrx_word' id='word_1_424' title='bbox 1026 2208 1061 2233; x_wconf 92' lang='lat' dir='ltr'><em>M</em></span> <span class='ocrx_word' id='word_1_425' title='bbox 1074 2208 1084 2242; x_wconf 78' lang='grc' dir='ltr'><strong>ΙΙ</strong></span> <span class='ocrx_word' id='word_1_426' title='bbox 1100 2211 1132 2234; x_wconf 89' lang='grc'><strong>14</strong></span> <span class='ocrx_word' id='word_1_427' title='bbox 1152 2208 1272 2242; x_wconf 87' lang='lat' dir='ltr'><strong>Iphitus]</strong></span> <span class='ocrx_word' id='word_1_428' title='bbox 1292 2209 1356 2234; x_wconf 89' lang='lat' dir='ltr'><strong>fitus</strong></span> <span class='ocrx_word' id='word_1_429' title='bbox 1377 2208 1400 2234; x_wconf 81' lang='grc' dir='ltr'>Ο</span> <span class='ocrx_word' id='word_1_430' title='bbox 1413 2213 1419 2229; x_wconf 53' lang='lat'><strong>¹«</strong></span> 
     </span>
     <span class='ocr_line' id='line_1_45' title="bbox 138 2242 1420 2278; baseline 0 -9"><span class='ocrx_word' id='word_1_431' title='bbox 138 2243 259 2270; x_wconf 78' lang='lat' dir='ltr'><strong>euasen&#39;t</strong></span> <span class='ocrx_word' id='word_1_432' title='bbox 277 2243 340 2270; x_wconf 86' lang='lat' dir='ltr'><strong>LE</strong></span> <span class='ocrx_word' id='word_1_433' title='bbox 365 2243 518 2277; x_wconf 83' lang='lat' dir='ltr'><strong>(euaserint</strong></span> <span class='ocrx_word' id='word_1_434' title='bbox 536 2245 559 2276; x_wconf 84' lang='lat' dir='ltr'><strong>e)</strong></span> <span class='ocrx_word' id='word_1_435' title='bbox 578 2244 588 2277; x_wconf 80' lang='grc' dir='ltr'><strong>ΙΙ</strong></span> <span class='ocrx_word' id='word_1_436' title='bbox 610 2246 642 2269; x_wconf 84' lang='grc'><strong>15</strong></span> <span class='ocrx_word' id='word_1_437' title='bbox 662 2244 790 2275; x_wconf 82' lang='lat' dir='ltr'><strong>accusset</strong></span> <span class='ocrx_word' id='word_1_438' title='bbox 810 2242 832 2269; x_wconf 84' lang='grc' dir='ltr'><em>Ο</em></span> <span class='ocrx_word' id='word_1_439' title='bbox 848 2243 858 2277; x_wconf 79' lang='grc' dir='ltr'><strong>ΙΙ</strong></span> <span class='ocrx_word' id='word_1_440' title='bbox 882 2246 913 2269; x_wconf 81' lang='grc'><strong>17</strong></span> <span class='ocrx_word' id='word_1_441' title='bbox 934 2243 971 2269; x_wconf 84' lang='lat' dir='ltr'><strong>ad</strong></span> <span class='ocrx_word' id='word_1_442' title='bbox 989 2251 1012 2270; x_wconf 82' lang='lat' dir='ltr'><strong>v.</strong></span> <span class='ocrx_word' id='word_1_443' title='bbox 1033 2246 1084 2270; x_wconf 87' lang='grc'><strong>436</strong></span> <span class='ocrx_word' id='word_1_444' title='bbox 1104 2243 1226 2270; x_wconf 90' lang='lat' dir='ltr'><strong>Vulnere</strong></span> <span class='ocrx_word' id='word_1_445' title='bbox 1247 2244 1333 2278; x_wconf 85' lang='lat' dir='ltr'><strong>Ulixi]</strong></span> <span class='ocrx_word' id='word_1_446' title='bbox 1354 2243 1420 2276; x_wconf 86' lang='lat' dir='ltr'><strong>quia</strong></span> 
     </span>
     <span class='ocr_line' id='line_1_46' title="bbox 138 2278 1419 2313; baseline 0 -9"><span class='ocrx_word' id='word_1_447' title='bbox 138 2278 182 2304; x_wconf 89' lang='lat' dir='ltr'><strong>illi</strong></span> <span class='ocrx_word' id='word_1_448' title='bbox 200 2279 295 2305; x_wconf 84' lang='lat' dir='ltr'><strong>Ulixes</strong></span> <span class='ocrx_word' id='word_1_449' title='bbox 313 2279 460 2306; x_wconf 84' lang='lat' dir='ltr'><strong>inflixerat.</strong></span> <span class='ocrx_word' id='word_1_450' title='bbox 479 2279 506 2304; x_wconf 88' lang='lat' dir='ltr'><strong><em>P</em></strong></span> <span class='ocrx_word' id='word_1_451' title='bbox 518 2280 527 2313; x_wconf 83' lang='lat' dir='ltr'>ss</span> <span class='ocrx_word' id='word_1_452' title='bbox 544 2281 575 2305; x_wconf 87' lang='lat'><strong>18</strong></span> <span class='ocrx_word' id='word_1_453' title='bbox 594 2279 632 2305; x_wconf 81' lang='lat' dir='ltr'><strong>ad</strong></span> <span class='ocrx_word' id='word_1_454' title='bbox 645 2287 669 2306; x_wconf 83' lang='lat' dir='ltr'><strong>v.</strong></span> <span class='ocrx_word' id='word_1_455' title='bbox 685 2281 736 2305; x_wconf 81' lang='lat'><strong>437</strong></span> <span class='ocrx_word' id='word_1_456' title='bbox 756 2278 899 2313; x_wconf 81' lang='lat' dir='ltr'><strong>Protinus]</strong></span> <span class='ocrx_word' id='word_1_457' title='bbox 919 2278 966 2305; x_wconf 88' lang='lat' dir='ltr'><strong>hic</strong></span> <span class='ocrx_word' id='word_1_458' title='bbox 986 2278 1115 2305; x_wconf 74' lang='lat' dir='ltr'><strong>‘statim’.</strong></span> <span class='ocrx_word' id='word_1_459' title='bbox 1144 2279 1212 2306; x_wconf 84' lang='lat' dir='ltr'><strong>alibi</strong></span> <span class='ocrx_word' id='word_1_460' title='bbox 1233 2279 1302 2312; x_wconf 85' lang='lat' dir='ltr'><strong>(alii)</strong></span> <span class='ocrx_word' id='word_1_461' title='bbox 1325 2279 1419 2311; x_wconf 84' lang='lat' dir='ltr'><strong>‘porro</strong></span> 
     </span>
     <span class='ocr_line' id='line_1_47' title="bbox 138 2314 1419 2351; baseline 0 -11"><span class='ocrx_word' id='word_1_462' title='bbox 138 2314 240 2341; x_wconf 86' lang='lat' dir='ltr'><strong>tenus&#39;.</strong></span> <span class='ocrx_word' id='word_1_463' title='bbox 257 2314 306 2348; x_wconf 74' lang='lat' dir='ltr'><strong>Pu</strong></span> <span class='ocrx_word' id='word_1_464' title='bbox 319 2315 440 2351; x_wconf 71' lang='lat' dir='ltr'><strong>prisssmo</strong></span> <span class='ocrx_word' id='word_1_465' title='bbox 461 2314 484 2341; x_wconf 85' lang='lat'><em>0</em></span> <span class='ocrx_word' id='word_1_466' title='bbox 501 2314 620 2348; x_wconf 84' lang='lat' dir='ltr'><strong>(priamo</strong></span> <span class='ocrx_word' id='word_1_467' title='bbox 638 2315 704 2347; x_wconf 79' lang='lat' dir='ltr'><strong>fuit)</strong></span> <span class='ocrx_word' id='word_1_468' title='bbox 719 2315 728 2348; x_wconf 86' lang='grc' dir='ltr'><strong>ΙΙ</strong></span> <span class='ocrx_word' id='word_1_469' title='bbox 744 2317 775 2340; x_wconf 88' lang='grc'><strong>19</strong></span> <span class='ocrx_word' id='word_1_470' title='bbox 796 2315 927 2348; x_wconf 82' lang='lat' dir='ltr'><strong>protenus</strong></span> <span class='ocrx_word' id='word_1_471' title='bbox 948 2314 971 2340; x_wconf 78' lang='lat' dir='ltr'><em>G</em></span> <span class='ocrx_word' id='word_1_472' title='bbox 982 2315 992 2348; x_wconf 84' lang='grc' dir='ltr'><strong>ΙΙ</strong></span> <span class='ocrx_word' id='word_1_473' title='bbox 1009 2317 1043 2340; x_wconf 81' lang='grc'><strong>23</strong></span> <span class='ocrx_word' id='word_1_474' title='bbox 1063 2315 1101 2341; x_wconf 86' lang='lat' dir='ltr'><strong>ad</strong></span> <span class='ocrx_word' id='word_1_475' title='bbox 1119 2323 1142 2341; x_wconf 81' lang='lat' dir='ltr'><strong>v.</strong></span> <span class='ocrx_word' id='word_1_476' title='bbox 1163 2318 1214 2341; x_wconf 81' lang='lat'><strong>439</strong></span> <span class='ocrx_word' id='word_1_477' title='bbox 1234 2314 1349 2349; x_wconf 83' lang='lat' dir='ltr'><strong>Forent]</strong></span> <span class='ocrx_word' id='word_1_478' title='bbox 1369 2322 1419 2348; x_wconf 85' lang='lat' dir='ltr'><strong>pro</strong></span> 
     </span>
     <span class='ocr_line' id='line_1_48' title="bbox 141 2349 1420 2385; baseline 0.002 -10"><span class='ocrx_word' id='word_1_479' title='bbox 141 2350 268 2377; x_wconf 84' lang='lat' dir='ltr'><strong>‘essent&#39;.</strong></span> <span class='ocrx_word' id='word_1_480' title='bbox 289 2350 317 2375; x_wconf 90' lang='lat' dir='ltr'><strong><em>P</em></strong></span> <span class='ocrx_word' id='word_1_481' title='bbox 329 2351 339 2384; x_wconf 79' lang='grc' dir='ltr'><strong>ΙΙ</strong></span> <span class='ocrx_word' id='word_1_482' title='bbox 357 2353 390 2377; x_wconf 84' lang='grc'><strong>25</strong></span> <span class='ocrx_word' id='word_1_483' title='bbox 411 2351 448 2377; x_wconf 83' lang='lat' dir='ltr'><strong>ad</strong></span> <span class='ocrx_word' id='word_1_484' title='bbox 465 2359 490 2378; x_wconf 83' lang='grc' dir='ltr'><strong>υ.</strong></span> <span class='ocrx_word' id='word_1_485' title='bbox 510 2353 561 2376; x_wconf 79' lang='lat'><strong>441</strong></span> <span class='ocrx_word' id='word_1_486' title='bbox 582 2351 654 2377; x_wconf 79' lang='lat' dir='ltr'><strong>Acta</strong></span> <span class='ocrx_word' id='word_1_487' title='bbox 672 2349 811 2376; x_wconf 78' lang='lat' dir='ltr'><strong>testudine</strong></span> <span class='ocrx_word' id='word_1_488' title='bbox 832 2350 975 2384; x_wconf 85' lang='lat' dir='ltr'><strong>(testune)]</strong></span> <span class='ocrx_word' id='word_1_489' title='bbox 994 2350 1142 2385; x_wconf 86' lang='lat' dir='ltr'><strong>applicita,</strong></span> <span class='ocrx_word' id='word_1_490' title='bbox 1162 2351 1208 2377; x_wconf 87' lang='lat' dir='ltr'><strong>uel</strong></span> <span class='ocrx_word' id='word_1_491' title='bbox 1227 2359 1298 2384; x_wconf 85' lang='lat' dir='ltr'><strong>quae</strong></span> <span class='ocrx_word' id='word_1_492' title='bbox 1317 2350 1420 2384; x_wconf 78' lang='lat' dir='ltr'><strong>ageba—</strong></span> 
     </span>
     <span class='ocr_line' id='line_1_49' title="bbox 139 2385 491 2420; baseline 0.006 -9"><span class='ocrx_word' id='word_1_493' title='bbox 139 2386 194 2413; x_wconf 84' lang='lat' dir='ltr'><strong>tur.</strong></span> <span class='ocrx_word' id='word_1_494' title='bbox 216 2385 244 2411; x_wconf 92' lang='lat' dir='ltr'><em>P</em></span> <span class='ocrx_word' id='word_1_495' title='bbox 259 2386 269 2420; x_wconf 69' lang='grc' dir='ltr'><strong>Ιί</strong></span> <span class='ocrx_word' id='word_1_496' title='bbox 288 2386 447 2420; x_wconf 69' lang='lat' dir='ltr'><strong>applicatae</strong></span> <span class='ocrx_word' id='word_1_497' title='bbox 467 2386 491 2413; x_wconf 83' lang='lat'><em>0</em></span> 
     </span>
    </p>
   </div>
   <div class='ocr_carea' id='block_1_10' title="bbox 1432 455 1448 479">
    <p class='ocr_par' dir='ltr' id='par_1_18' title="bbox 1432 455 1448 479">
     <span class='ocr_line' id='line_1_50' title="bbox 1432 455 1448 479; textangle 90"><span class='ocrx_word' id='word_1_498' title='bbox 1432 455 1448 479; x_wconf 59' lang='lat'><strong>0⁹1</strong></span> 
     </span>
    </p>
   </div>
   <div class='ocr_carea' id='block_1_11' title="bbox 1437 724 1469 748">
    <p class='ocr_par' dir='ltr' id='par_1_19' title="bbox 1437 724 1469 748">
     <span class='ocr_line' id='line_1_51' title="bbox 1437 724 1469 748; baseline 0.031 -1"><span class='ocrx_word' id='word_1_499' title='bbox 1437 724 1469 748; x_wconf 91' lang='lat'>10</span> 
     </span>
    </p>
   </div>
   <div class='ocr_carea' id='block_1_12' title="bbox 1436 994 1468 1017">
    <p class='ocr_par' dir='ltr' id='par_1_20' title="bbox 1436 994 1468 1017">
     <span class='ocr_line' id='line_1_52' title="bbox 1436 994 1468 1017; baseline 0 0"><span class='ocrx_word' id='word_1_500' title='bbox 1436 994 1468 1017; x_wconf 88' lang='lat'>15</span> 
     </span>
    </p>
   </div>
   <div class='ocr_carea' id='block_1_13' title="bbox 1435 1262 1470 1286">
    <p class='ocr_par' dir='ltr' id='par_1_21' title="bbox 1435 1262 1470 1286">
     <span class='ocr_line' id='line_1_53' title="bbox 1435 1262 1470 1286; baseline 0 0"><span class='ocrx_word' id='word_1_501' title='bbox 1435 1262 1470 1286; x_wconf 79' lang='lat'><strong>20</strong></span> 
     </span>
    </p>
   </div>
   <div class='ocr_carea' id='block_1_14' title="bbox 1437 1530 1471 1554">
    <p class='ocr_par' dir='ltr' id='par_1_22' title="bbox 1437 1530 1471 1554">
     <span class='ocr_line' id='line_1_54' title="bbox 1437 1530 1471 1554; baseline 0 0"><span class='ocrx_word' id='word_1_502' title='bbox 1437 1530 1471 1554; x_wconf 78' lang='lat'><strong>25</strong></span> 
     </span>
    </p>
   </div>
  </div>
 </body>
</html>
