1630 2684
674 125 698 143 Ο

224 161 287 193 192
378 195 381 198 ,
677 162 681 166 ”
800 164 921 192 SERVH

310 244 382 276 666.
420 253 467 276 AD
492 253 536 276 ΤΕ
560 253 740 278 ΟοΝΡνθιο
763 256 974 287 personarum
1002 245 1087 277 ratio
1116 244 1196 277 facit
1218 244 1324 276 laudis
1348 253 1501 286 augmen-

220 298 298 328 tum.
384 310 392 317 ·
410 306 479 329 'rvA
511 306 646 330 nvunu
679 298 943 339 possibilitatem.
998 300 1031 330 et
1062 297 1239 330 notandum
1273 308 1373 330 unum
1405 296 1501 330 deum

219 351 313 392 plura
335 350 456 383 habere
479 351 627 393 numina,
650 353 688 383 ut
711 362 809 394 supra
832 351 971 384 diximus
994 351 1031 383 de
1053 351 1182 383 Iunone.

309 404 383 436 667.
423 414 562 437 FRATER
586 414 632 438 v'r
656 414 793 438 AENEAS
816 405 1002 437 conciliatio
1026 416 1046 436 a
1064 405 1222 447 qualitate
1245 414 1413 447 personae.
1440 403 1500 438 ‘nt'

183 464 199 486 5
219 460 327 490 autem
347 460 399 490 est
417 458 703 501 quemadmodum,
722 458 807 500 quod
826 458 860 490 in
879 458 1145 500 pronuntiatione
1165 458 1357 501 extenditur,
1372 457 1500 500 quando

217 512 373 554 temporis
396 523 462 544 non
486 514 545 544 est.

308 566 382 598 668.
424 570 672 604 1Ac⁷1=E1=vEQvE
705 567 801 597 vacat
833 564 937 607 ‘que'.
1051 574 1145 599 onus
1177 574 1321 599 monis
1353 573 1500 604 miquE

216 619 305 651 iusta
324 629 422 651 eausa
441 618 609 660 petitionis
629 618 819 651 ostenditur.
847 617 981 650 ‘odium’
999 620 1109 650 autem
1129 617 1171 650 ‘o’
1195 619 1230 651 in
1247 619 1378 652 nomine
1399 619 1500 652 breve

218 674 280 714 est,
303 673 338 704 in
363 672 461 704 verbo
485 673 634 714 longum,
658 674 694 704 ut
717 671 814 714 ‘odi’‚
843 671 1112 714 quemadmodum
1135 671 1276 715 ‘liquor'
1305 671 1362 705 ‘li'
1390 665 1520 705 brevis⁸

167 732 199 756 lo
218 727 283 767 est,
308 725 469 768 ‘liquitur'
494 726 602 768 longa.

307 780 381 812 669.
417 788 510 812 NOTA
539 789 610 812 'run
640 778 764 812 Graeca
793 779 898 822 figura
925 782 989 821 est,
1017 782 1054 811 ut
1082 778 1254 811 Terentius
1283 779 1381 813 mira
1408 789 1500 812 vero

218 833 337 865 militi
358 844 453 875 quae
473 833 663 875 placeant.
731 842 867 866 Nos'rno
886 841 1053 866 DOLVIST!
1073 841 1182 865 SAEPE
1202 840 1346 865 DononE
1361 831 1499 867 ‘nostro'

217 888 274 920 aut
297 898 335 919 eo
363 898 428 930 quo
457 889 490 919 et
518 897 592 929 ego,
621 889 678 919 aut
705 886 874 919 ‘doluisti'
902 886 974 918 ideo
1003 886 1079 928 quia
1107 897 1157 917 me
1186 885 1351 919 dolentem
1378 884 1516 928 adiuti,
1545 900 1551 911 ⁹

217 943 254 973 ut
278 940 388 973 ‘dolea
411 941 469 973 illa
492 940 554 973 re'.

160 1002 193 1025 15
302 995 376 1027 670.
413 1003 609 1026 PHOENISSA
643 994 682 1026 de
710 992 876 1026 Phoenice.
976 1002 1092 1025 'rENEr
1124 995 1279 1026 moratur.
1371 1005 1500 1027 mamm

218 1061 337 1080 rocmrs
363 1049 429 1080 ideo
457 1049 536 1080 dimit
564 1047 702 1080 ‘blandis
710 1046 730 1086 ’‚
761 1050 797 1079 ut
828 1046 993 1079 ostenderet
1019 1046 1173 1079 Didonem
1199 1046 1292 1087 facile
1313 1043 1424 1079 'more
1449 1046 1499 1079 in-

212 1103 299 1134 cendi
316 1112 418 1143 posse,
441 1112 519 1143 quae
542 1103 613 1134 ante
635 1102 701 1133 iam
723 1101 839 1133 blanda
861 1102 918 1139 est,
941 1110 1035 1141 quam
1057 1102 1151 1132 amat.

302 1156 376 1188 671.
414 1164 484 1194 Qvo
503 1164 543 1187 SE
559 1164 704 1188 lvnomA
720 1163 884 1187 vanum
900 1162 1062 1186 uost’rru
1081 1152 1169 1195 ‘quo’
1189 1153 1224 1185 in
1243 1164 1342 1196 quam
1360 1154 1497 1196 partem.

214 1208 383 1241 ‘Iunonia’
408 1211 518 1241 autem
542 1207 718 1250 ‘hospitia'
743 1207 977 1250 Carthaginem
1006 1206 1098 1248 dicit,
1127 1206 1183 1248 ubi
1211 1206 1386 1240 habitabat
1407 1205 1500 1250 Iuno,

160 1271 195 1294 20
215 1266 251 1295 ut
279 1263 340 1295 hic
370 1263 481 1295 illius
510 1274 628 1295 arma:
660 1264 716 1295 aut
748 1264 835 1294 certe
865 1262 927 1294 hoc
961 1261 1066 1303 ipsum
1096 1271 1222 1302 vereor,
1256 1260 1340 1303 quod
1369 1259 1498 1294 Aeneae

215 1316 381 1359 Carthago
415 1318 448 1349 in
480 1317 661 1359 hospitium
694 1317 814 1358 patuit,
847 1317 884 1347 ut
915 1317 965 1347 est
997 1315 1116 1347 timeo
1145 1314 1298 1347 Danaos
1330 1315 1369 1346 et
1399 1314 1499 1347 dona

214 1371 396 1403 ferentes.
1626 1381 1630 1397 ³

304 1425 377 1456 672.
415 1433 512 1456 iuvi)
547 1433 664 1456 'mm-o
698 1431 863 1456 cEssAssn*
897 1431 1053 1455 cARmNE
1087 1430 1206 1454 RERVM
1239 1423 1297 1454 aut
1329 1420 1499 1460 δεικτικῶς
1627 1413 1630 1422 ’

215 1478 310 1519 dixit,
334 1490 373 1510 ne
398 1478 430 1509 in
455 1480 583 1510 tantum
608 1477 751 1520 quidem,
780 1477 842 1509 hoc
871 1478 921 1509 est
947 1475 1039 1508 brevi
1063 1475 1232 1507 occasione
1256 1474 1412 1517 cessabit3
1440 1476 1499 1510 aut

162 1538 195 1562 25
215 1531 408 1573 simpliciter
431 1531 687 1573 intellegendum
710 1532 773 1572 est,
796 1541 862 1562 non
885 1530 1006 1572 poterit
1034 1529 1068 1561 in
1096 1530 1190 1560 tanta
1212 1539 1320 1560 rerum
1343 1528 1499 1570 opportu-
1626 1516 1630 1554 ἶ

215 1585 320 1617 nitate
343 1596 482 1627 cessare,
506 1587 542 1617 ut
561 1585 604 1617 sit
623 1585 661 1616 de
680 1584 851 1626 proverbio
876 1585 1030 1621 tractum,
1050 1593 1112 1624 quo
1137 1581 1255 1614 dicitur
1278 1581 1346 1613 ‘res
1370 1581 1405 1613 in
1426 1590 1496 1614 ear-

215 1639 288 1671 dine
313 1638 388 1681 est',
411 1638 472 1671 hoc
497 1640 547 1671 est
569 1639 603 1670 in
627 1637 774 1671 articulo.
801 1638 928 1678 quidam
951 1637 995 1669 sic
1017 1636 1210 1677 intelleyunt:
1233 1645 1303 1667 eum
1325 1635 1361 1667 in
1383 1635 1497 1668 incerto

290 1775 319 1798 11
341 1770 500 1806 Terentius]
521 1779 582 1797 eun.
603 1770 627 1796 11
647 1774 673 1804 2,
692 1771 749 1804 5711
767 1773 802 1796 20
821 1769 878 1804 hic]
900 1770 930 1796 A.
951 1769 962 1794 I
984 1772 1016 1795 16
1034 1769 1044 1802 11
1062 1771 1093 1795 21
1115 1767 1214 1802 timeo]
1235 1767 1267 1794 A.
1287 1767 1312 1793 11
1331 1768 1367 1794 49
1383 1767 1394 1801 Ι
1412 1769 1446 1794 26
1465 1767 1499 1794 ut
1622 1744 1630 1795 ἑ

217 1807 253 1834 sit
274 1829 279 1834 .
296 1829 301 1834 .
319 1829 324 1834 .
344 1806 457 1834 cardine
477 1806 532 1841 est]
552 1806 586 1833 cf.
607 1806 672 1832 Isid.
691 1805 760 1840 orig.
780 1805 830 1831 XV
852 1808 876 1839 7,
896 1808 911 1831 6
1623 1803 1630 1859 Ξ

290 1936 302 1958 1
324 1933 361 1959 ad
379 1940 403 1958 v.
423 1934 475 1958 666
499 1931 561 1958 Tua
583 1930 710 1965 numina]
734 1929 889 1957 notandum
913 1930 955 1956 est
978 1928 1052 1955 enim
1075 1937 1159 1955 unum
1184 1927 1267 1954 deum
1289 1926 1371 1962 plura
1393 1925 1497 1953 habere

217 1968 344 2000 numina,
363 1967 392 1994 id
411 1969 455 1994 est
473 1966 699 2001 possibilitatem.
722 1966 749 1992 P
769 1967 779 2000 11
802 1968 818 1991 3
838 1964 945 1991 dictum
964 1965 1007 1991 est
1025 1964 1049 1991 G
1069 1964 1079 1998 11
1103 1967 1117 1990 7
1141 1971 1322 1992 ucmrvsevn
1340 1962 1424 1988 uacat
1442 1969 1496 1995 que

217 2012 267 2030 om.
287 2004 314 2030 B
337 2004 346 2036 11
366 2004 402 2030 ad
420 2011 445 2029 v.
460 2005 512 2029 668
533 2002 647 2037 Odium]
668 2002 763 2028 autem
783 2022 789 2028 .
805 2023 810 2028 .
827 2022 832 2028 .
852 2000 945 2035 longa.
968 2000 995 2026 P
1015 2000 1025 2033 11
1047 2002 1063 2026 8
1083 1999 1173 2026 iustae
1193 1998 1244 2025 Ml
1260 1998 1270 2032 fl
1288 2001 1304 2024 9
1323 1997 1409 2024 uerbo
1427 2004 1496 2024 uero

219 2039 247 2065 P
258 2040 267 2073 11
290 2042 319 2065 11
341 2039 431 2073 figura
449 2038 504 2073 est]
523 2046 580 2072 qua
597 2037 707 2072 plurale
725 2036 861 2071 singulari
878 2035 1004 2063 redditur
1022 2034 1094 2061 dixit
1112 2034 1187 2061 enim
1205 2034 1238 2060 ut
1254 2033 1375 2060 iactetur
1392 2039 1495 2074 aenean

217 2074 290 2101 odiis
309 2074 419 2100 iunonis
437 2073 558 2107 iniquae.
595 2074 662 2100 nota
685 2072 739 2100 tibi
762 2071 893 2099 subaudis
917 2072 989 2098 sunt.
1025 2070 1107 2104 quasi
1128 2069 1235 2096 diceret
1256 2069 1354 2096 notum
1376 2068 1430 2094 tibi
1453 2069 1497 2095 est

217 2110 281 2136 add.
303 2110 340 2135 M
357 2112 381 2136 et
400 2110 409 2135 l
427 2110 458 2135 in
476 2117 562 2143 mary.
585 2110 595 2143 11
620 2111 651 2135 15
676 2109 714 2135 ad
736 2116 759 2135 v.
779 2111 831 2134 670
850 2106 1017 2141 Phoenissa]
1041 2105 1076 2132 de
1094 2104 1242 2132 Phoenice.
1279 2103 1380 2138 Tenet]
1405 2110 1496 2131 mora-

216 2146 270 2171 tur.
292 2145 320 2171 P
340 2146 350 2179 11
373 2154 494 2171 nonum
512 2145 591 2171 tenet
608 2144 674 2170 ΕΗ
692 2145 702 2178 11
727 2146 759 2170 18
778 2144 815 2170 ad
833 2151 857 2170 v.
877 2145 927 2169 671
954 2142 1014 2174 Quo
1038 2149 1068 2168 se
1085 2139 1202 2168 Iunonia
1225 2140 1337 2166 uertant
1359 2138 1495 2174 hospitia]

217 2189 273 2214 quo
292 2180 321 2207 in
341 2189 425 2214 quam
444 2180 554 2214 partem
573 2201 579 2207 .
596 2200 602 2206 .
619 2200 624 2206 .
644 2188 731 2206 arma.
757 2179 785 2205 P
805 2180 815 2212 11
838 2181 871 2205 19
894 2177 1007 2205 habitat
1027 2176 1094 2203 ΒΗ
1112 2177 1122 2210 11
1144 2179 1178 2202 21
1203 2175 1244 2216 et]
1263 2174 1298 2202 ed
1318 2174 1341 2201 0
1362 2174 1415 2201 heo
1435 2173 1469 2202 0·

218 2219 251 2243 23
276 2217 313 2242 ad
335 2224 359 2242 v.
380 2219 430 2242 672
454 2215 536 2241 Haud
559 2215 638 2242 tanto
662 2223 685 2241 c.
710 2223 732 2241 e.
756 2214 791 2255 r.]
815 2215 865 2241 aut
887 2212 1033 2243 δεικτικῶς
1055 2211 1127 2238 dixit
1149 2232 1155 2238 .
1176 2232 1182 2238 .
1203 2233 1209 2238 .
1231 2219 1261 2237 m
1283 2209 1412 2237 articulo.
1437 2209 1467 2236 P

218 2251 335 2278 dicticos
358 2251 424 2278 libri
444 2252 454 2284 11
474 2253 508 2276 24
527 2251 576 2277 aut
595 2250 761 2284 simpliciter
779 2248 999 2284 intellegendum
1021 2247 1077 2283 est]
1100 2245 1346 2283 tamquam-dicat
1367 2253 1496 2280 apereru-

218 2296 253 2314 ne
271 2287 344 2314 hanc
362 2286 475 2321 quidem
494 2285 605 2312 ledendi
627 2285 847 2320 oportunitatem
866 2284 979 2312 omittet
996 2291 1052 2317 qua
1070 2290 1169 2309 eneam
1190 2281 1315 2316 hospitio
1334 2289 1400 2308 suae
1418 2279 1497 2308 urbia

218 2322 261 2350 uti
283 2322 368 2350 uidet.
413 2321 482 2348 lieet
503 2321 540 2348 sit
562 2321 614 2348 hec
637 2321 698 2355 ipsa
720 2320 882 2355 permodica
908 2320 971 2347 add.
995 2319 1005 2345 l
1031 2319 1063 2345 in
1090 2325 1175 2352 marg.
1198 2325 1258 2351 swp.
1282 2317 1292 2350 11
1313 2319 1348 2343 26
1373 2314 1495 2353 cessare]

218 2358 323 2393 quippe
342 2367 405 2385 eum
423 2366 442 2384 a
459 2357 516 2383 suis
535 2357 632 2384 cernat
650 2364 713 2382 eum
731 2355 760 2383 in
783 2364 866 2390 quem
886 2362 995 2390 semper
1016 2353 1129 2380 ledendi
1151 2352 1355 2388 oportunitates
1378 2349 1502 2385 requisiit*

218 2394 282 2421 add.
303 2394 341 2420 M
356 2397 381 2421 et
399 2394 409 2420 l
427 2393 459 2420 in
476 2400 562 2426 marg.
584 2393 594 2427 11
616 2400 671 2426 quo
692 2392 741 2418 M.-
759 2391 834 2425 quod
852 2390 941 2418 BOP
955 2390 990 2417 de
1009 2397 1064 2423 quo
1083 2388 1149 2415 ΕΗ
