<?xml version="1.0" encoding="UTF-8"?>
<!DOCTYPE html PUBLIC "-//W3C//DTD XHTML 1.0 Transitional//EN"
    "http://www.w3.org/TR/xhtml1/DTD/xhtml1-transitional.dtd">
<html xmlns="http://www.w3.org/1999/xhtml" xml:lang="en" lang="en">
 <head>
  <title>
</title>
<meta http-equiv="Content-Type" content="text/html;charset=utf-8" />
  <meta name='ocr-system' content='tesseract 3.04.00' />
  <meta name='ocr-capabilities' content='ocr_page ocr_carea ocr_par ocr_line ocrx_word'/>
</head>
<body>
  <div class='ocr_page' id='page_1' title='image "./invergiliicarmin00servuoft/invergiliicarmin00servuoft_0361.png"; bbox 0 0 1722 2670; ppageno 0'>
   <div class='ocr_carea' id='block_1_1' title="bbox 0 0 113 46">
    <p class='ocr_par' dir='ltr' id='par_1_1' title="bbox 0 0 113 46">
     <span class='ocr_line' id='line_1_1' title="bbox 0 0 113 46; baseline 0 2624"><span class='ocrx_word' id='word_1_1' title='bbox 0 0 113 46; x_wconf 95' lang='lat' dir='ltr'><em> </em></span> 
     </span>
    </p>
   </div>
   <div class='ocr_carea' id='block_1_2' title="bbox 520 151 1458 185">
    <p class='ocr_par' dir='ltr' id='par_1_2' title="bbox 520 151 1458 185">
     <span class='ocr_line' id='line_1_2' title="bbox 520 151 1458 185; baseline 0.007 -7"><span class='ocrx_word' id='word_1_2' title='bbox 520 151 634 179; x_wconf 81' lang='grc' dir='ltr'>ΟΟΜΜ.</span> <span class='ocrx_word' id='word_1_3' title='bbox 653 152 694 178; x_wconf 89' lang='lat' dir='ltr'><em>IN</em></span> <span class='ocrx_word' id='word_1_4' title='bbox 712 152 820 180; x_wconf 78' lang='lat' dir='ltr'><em>VERG.</em></span> <span class='ocrx_word' id='word_1_5' title='bbox 841 153 924 179; x_wconf 86' lang='lat' dir='ltr'>AEN.</span> <span class='ocrx_word' id='word_1_6' title='bbox 944 153 991 180; x_wconf 87' lang='lat'><em>111.</em></span> <span class='ocrx_word' id='word_1_7' title='bbox 1011 157 1124 181; x_wconf 82' lang='grc'>64-68.</span> <span class='ocrx_word' id='word_1_8' title='bbox 1307 172 1314 178; x_wconf 87' lang='grc'>-</span> <span class='ocrx_word' id='word_1_9' title='bbox 1393 154 1458 185; x_wconf 85' lang='grc'><em>349</em></span> 
     </span>
    </p>
   </div>
   <div class='ocr_carea' id='block_1_3' title="bbox 148 234 1462 1237">
    <p class='ocr_par' dir='ltr' id='par_1_3' title="bbox 181 234 1458 329">
     <span class='ocr_line' id='line_1_3' title="bbox 268 234 1458 294; baseline 0.001 -28"><span class='ocrx_word' id='word_1_10' title='bbox 268 234 319 266; x_wconf 83' lang='grc'><em>65.</em></span> <span class='ocrx_word' id='word_1_11' title='bbox 357 241 490 266; x_wconf 75' lang='lat' dir='ltr'>CRINEM</span> <span class='ocrx_word' id='word_1_12' title='bbox 508 242 555 265; x_wconf 80' lang='lat' dir='ltr'><em>DE</em></span> <span class='ocrx_word' id='word_1_13' title='bbox 573 241 669 265; x_wconf 76' lang='lat' dir='ltr'>MORE</span> <span class='ocrx_word' id='word_1_14' title='bbox 693 235 750 265; x_wconf 65' lang='lat' dir='ltr'><em>auh</em></span> <span class='ocrx_word' id='word_1_15' title='bbox 774 234 812 265; x_wconf 92' lang='lat' dir='ltr'><em>de</em></span> <span class='ocrx_word' id='word_1_16' title='bbox 832 245 921 266; x_wconf 88' lang='lat' dir='ltr'><em>more</em></span> <span class='ocrx_word' id='word_1_17' title='bbox 940 235 1067 294; x_wconf 31' lang='lat' dir='ltr'><em>gentis&amp;</em></span> <span class='ocrx_word' id='word_1_18' title='bbox 1079 237 1116 266; x_wconf 77' lang='lat' dir='ltr'><em>ut</em></span> <span class='ocrx_word' id='word_1_19' title='bbox 1135 235 1234 267; x_wconf 77' lang='lat' dir='ltr'><em>etiam</em></span> <span class='ocrx_word' id='word_1_20' title='bbox 1253 236 1287 267; x_wconf 92' lang='lat' dir='ltr'><em>in</em></span> <span class='ocrx_word' id='word_1_21' title='bbox 1304 235 1458 277; x_wconf 76' lang='lat' dir='ltr'><em>Aegypto</em></span> 
     </span>
     <span class='ocr_line' id='line_1_4' title="bbox 181 287 869 329; baseline -0.001 -10"><span class='ocrx_word' id='word_1_22' title='bbox 181 290 243 319; x_wconf 77' lang='lat' dir='ltr'><em>est:</em></span> <span class='ocrx_word' id='word_1_23' title='bbox 268 289 326 319; x_wconf 74' lang='lat' dir='ltr'><em>aut</em></span> <span class='ocrx_word' id='word_1_24' title='bbox 349 289 435 319; x_wconf 74' lang='lat' dir='ltr'><em>certe</em></span> <span class='ocrx_word' id='word_1_25' title='bbox 458 287 496 319; x_wconf 85' lang='lat' dir='ltr'><em>de</em></span> <span class='ocrx_word' id='word_1_26' title='bbox 519 298 609 318; x_wconf 88' lang='lat' dir='ltr'><em>more</em></span> <span class='ocrx_word' id='word_1_27' title='bbox 633 287 869 329; x_wconf 76' lang='lat' dir='ltr'>plangentium.</span> 
     </span>
    </p>

    <p class='ocr_par' dir='ltr' id='par_1_4' title="bbox 148 332 1458 427">
     <span class='ocr_line' id='line_1_5' title="bbox 148 332 1458 387; baseline 0.002 -15"><span class='ocrx_word' id='word_1_28' title='bbox 148 383 152 387; x_wconf 20' lang='grc' dir='ltr'><strong>ῃ</strong></span> <span class='ocrx_word' id='word_1_29' title='bbox 269 341 320 372; x_wconf 88' lang='grc'><em>66.</em></span> <span class='ocrx_word' id='word_1_30' title='bbox 357 353 520 373; x_wconf 70' lang='lat' dir='ltr'><em>mrmmvs</em></span> <span class='ocrx_word' id='word_1_31' title='bbox 541 332 672 380; x_wconf 83' lang='lat' dir='ltr'><em>inferias</em></span> <span class='ocrx_word' id='word_1_32' title='bbox 695 341 818 379; x_wconf 84' lang='lat' dir='ltr'><em>damus,</em></span> <span class='ocrx_word' id='word_1_33' title='bbox 837 342 971 381; x_wconf 76' lang='lat' dir='ltr'><em>proprie.</em></span> <span class='ocrx_word' id='word_1_34' title='bbox 1051 351 1181 374; x_wconf 82' lang='lat' dir='ltr'><strong>TEPIDO</strong></span> <span class='ocrx_word' id='word_1_35' title='bbox 1206 351 1318 374; x_wconf 80' lang='lat' dir='ltr'><em>LACTE</em></span> <span class='ocrx_word' id='word_1_36' title='bbox 1345 343 1458 374; x_wconf 64' lang='lat' dir='ltr'><em>sffiatim</em></span> 
     </span>
     <span class='ocr_line' id='line_1_6' title="bbox 178 394 308 427; baseline 0 -1"><span class='ocrx_word' id='word_1_37' title='bbox 178 394 308 427; x_wconf 74' lang='lat' dir='ltr'><em>mulcto.</em></span> 
     </span>
    </p>

    <p class='ocr_par' dir='ltr' id='par_1_5' title="bbox 269 445 1028 490">
     <span class='ocr_line' id='line_1_7' title="bbox 269 445 1028 490; baseline 0 -11"><span class='ocrx_word' id='word_1_38' title='bbox 269 456 398 480; x_wconf 73' lang='lat' dir='ltr'>CYMBIA</span> <span class='ocrx_word' id='word_1_39' title='bbox 420 447 539 489; x_wconf 86' lang='lat' dir='ltr'><em>pocula</em></span> <span class='ocrx_word' id='word_1_40' title='bbox 561 448 594 479; x_wconf 85' lang='lat' dir='ltr'><em>in</em></span> <span class='ocrx_word' id='word_1_41' title='bbox 619 448 749 480; x_wconf 88' lang='lat' dir='ltr'><em>modum</em></span> <span class='ocrx_word' id='word_1_42' title='bbox 773 448 908 490; x_wconf 83' lang='lat' dir='ltr'>cymbae</span> <span class='ocrx_word' id='word_1_43' title='bbox 932 445 1028 480; x_wconf 61' lang='lat' dir='ltr'><em>factu.</em></span> 
     </span>
    </p>

    <p class='ocr_par' dir='ltr' id='par_1_6' title="bbox 171 502 1462 1237">
     <span class='ocr_line' id='line_1_8' title="bbox 268 502 1459 544; baseline 0.001 -11"><span class='ocrx_word' id='word_1_44' title='bbox 268 502 318 533; x_wconf 87' lang='lat'><em>67.</em></span> <span class='ocrx_word' id='word_1_45' title='bbox 356 509 540 534; x_wconf 77' lang='lat' dir='ltr'>SANGVINIS</span> <span class='ocrx_word' id='word_1_46' title='bbox 571 510 671 533; x_wconf 81' lang='lat' dir='ltr'>SACRI</span> <span class='ocrx_word' id='word_1_47' title='bbox 698 503 734 533; x_wconf 84' lang='lat' dir='ltr'><em>id</em></span> <span class='ocrx_word' id='word_1_48' title='bbox 762 505 806 534; x_wconf 83' lang='lat' dir='ltr'><em>est</em></span> <span class='ocrx_word' id='word_1_49' title='bbox 834 502 872 534; x_wconf 88' lang='lat' dir='ltr'><em>de</em></span> <span class='ocrx_word' id='word_1_50' title='bbox 903 502 1046 534; x_wconf 77' lang='lat' dir='ltr'><em>victimis</em></span> <span class='ocrx_word' id='word_1_51' title='bbox 1079 503 1209 544; x_wconf 77' lang='lat' dir='ltr'><em>sumpti.</em></span> <span class='ocrx_word' id='word_1_52' title='bbox 1255 503 1320 534; x_wconf 82' lang='lat' dir='ltr'><em>ideo</em></span> <span class='ocrx_word' id='word_1_53' title='bbox 1357 506 1459 535; x_wconf 76' lang='lat' dir='ltr'><em>autem</em></span> 
     </span>
     <span class='ocr_line' id='line_1_9' title="bbox 177 554 1461 597; baseline 0.002 -11"><span class='ocrx_word' id='word_1_54' title='bbox 177 554 266 587; x_wconf 65' lang='lat' dir='ltr'><em>laetis</em></span> <span class='ocrx_word' id='word_1_55' title='bbox 293 557 322 586; x_wconf 75' lang='lat' dir='ltr'><em>et</em></span> <span class='ocrx_word' id='word_1_56' title='bbox 343 555 506 595; x_wconf 77' lang='lat' dir='ltr'><em>sanquinis</em></span> <span class='ocrx_word' id='word_1_57' title='bbox 528 556 640 587; x_wconf 82' lang='lat' dir='ltr'><em>mentio</em></span> <span class='ocrx_word' id='word_1_58' title='bbox 662 556 748 595; x_wconf 78' lang='lat' dir='ltr'><em>faeta</em></span> <span class='ocrx_word' id='word_1_59' title='bbox 771 558 825 597; x_wconf 77' lang='lat' dir='ltr'><em>est,</em></span> <span class='ocrx_word' id='word_1_60' title='bbox 856 557 931 596; x_wconf 86' lang='lat' dir='ltr'><em>quia</em></span> <span class='ocrx_word' id='word_1_61' title='bbox 954 557 1165 596; x_wconf 80' lang='lat' dir='ltr'><em>adfirmantur</em></span> <span class='ocrx_word' id='word_1_62' title='bbox 1187 557 1312 588; x_wconf 85' lang='lat' dir='ltr'><em>animae</em></span> <span class='ocrx_word' id='word_1_63' title='bbox 1336 557 1410 588; x_wconf 77' lang='lat' dir='ltr'><em>laete</em></span> <span class='ocrx_word' id='word_1_64' title='bbox 1433 559 1461 588; x_wconf 79' lang='lat' dir='ltr'><em>et</em></span> 
     </span>
     <span class='ocr_line' id='line_1_10' title="bbox 175 608 1459 650; baseline 0.002 -11"><span class='ocrx_word' id='word_1_65' title='bbox 175 609 326 649; x_wconf 66' lang='lat' dir='ltr'><em>sanquine</em></span> <span class='ocrx_word' id='word_1_66' title='bbox 353 609 503 640; x_wconf 69' lang='lat' dir='ltr'><em>delectari.</em></span> <span class='ocrx_word' id='word_1_67' title='bbox 558 608 655 640; x_wconf 84' lang='lat' dir='ltr'><em>Varro</em></span> <span class='ocrx_word' id='word_1_68' title='bbox 682 619 799 649; x_wconf 86' lang='lat' dir='ltr'><em>quoque</em></span> <span class='ocrx_word' id='word_1_69' title='bbox 826 610 902 641; x_wconf 79' lang='lat' dir='ltr'><em>dicit</em></span> <span class='ocrx_word' id='word_1_70' title='bbox 927 610 1070 641; x_wconf 86' lang='lat' dir='ltr'><em>mulieres</em></span> <span class='ocrx_word' id='word_1_71' title='bbox 1097 610 1132 641; x_wconf 89' lang='lat' dir='ltr'><em>in</em></span> <span class='ocrx_word' id='word_1_72' title='bbox 1155 610 1304 650; x_wconf 74' lang='lat' dir='ltr'><em>exsequiis</em></span> <span class='ocrx_word' id='word_1_73' title='bbox 1327 613 1355 641; x_wconf 74' lang='lat' dir='ltr'><em>et</em></span> <span class='ocrx_word' id='word_1_74' title='bbox 1378 610 1459 641; x_wconf 80' lang='lat' dir='ltr'><em>luetu</em></span> 
     </span>
     <span class='ocr_line' id='line_1_11' title="bbox 176 661 1461 703; baseline 0.002 -11"><span class='ocrx_word' id='word_1_75' title='bbox 176 661 243 693; x_wconf 79' lang='lat' dir='ltr'><em>ideo</em></span> <span class='ocrx_word' id='word_1_76' title='bbox 265 662 373 694; x_wconf 78' lang='lat' dir='ltr'><em>solitas</em></span> <span class='ocrx_word' id='word_1_77' title='bbox 395 672 452 693; x_wconf 87' lang='lat' dir='ltr'><em>ora</em></span> <span class='ocrx_word' id='word_1_78' title='bbox 475 662 617 700; x_wconf 81' lang='lat' dir='ltr'><em>lacerare,</em></span> <span class='ocrx_word' id='word_1_79' title='bbox 640 665 675 694; x_wconf 81' lang='lat' dir='ltr'><em>ut</em></span> <span class='ocrx_word' id='word_1_80' title='bbox 696 663 847 703; x_wconf 71' lang='lat' dir='ltr'><em>sanquine</em></span> <span class='ocrx_word' id='word_1_81' title='bbox 870 666 986 695; x_wconf 77' lang='lat' dir='ltr'><em>ostenso</em></span> <span class='ocrx_word' id='word_1_82' title='bbox 1009 664 1120 702; x_wconf 85' lang='lat' dir='ltr'><em>inferis</em></span> <span class='ocrx_word' id='word_1_83' title='bbox 1138 664 1342 703; x_wconf 75' lang='lat' dir='ltr'><em>satisfaciant,</em></span> <span class='ocrx_word' id='word_1_84' title='bbox 1365 674 1461 703; x_wconf 83' lang='lat' dir='ltr'><em>quare</em></span> 
     </span>
     <span class='ocr_line' id='line_1_12' title="bbox 175 715 1461 757; baseline 0.001 -11"><span class='ocrx_word' id='word_1_85' title='bbox 175 715 268 746; x_wconf 75' lang='lat' dir='ltr'><em>etiam</em></span> <span class='ocrx_word' id='word_1_86' title='bbox 299 716 476 747; x_wconf 75' lang='lat' dir='ltr'><em>institutum</em></span> <span class='ocrx_word' id='word_1_87' title='bbox 507 718 565 754; x_wconf 80' lang='lat' dir='ltr'><em>est,</em></span> <span class='ocrx_word' id='word_1_88' title='bbox 599 718 634 747; x_wconf 77' lang='lat' dir='ltr'><em>ut</em></span> <span class='ocrx_word' id='word_1_89' title='bbox 660 717 746 756; x_wconf 78' lang='lat' dir='ltr'><em>apud</em></span> <span class='ocrx_word' id='word_1_90' title='bbox 772 716 911 756; x_wconf 77' lang='lat' dir='ltr'><em>sepulcra</em></span> <span class='ocrx_word' id='word_1_91' title='bbox 939 719 967 748; x_wconf 73' lang='lat' dir='ltr'><em>et</em></span> <span class='ocrx_word' id='word_1_92' title='bbox 993 717 1132 747; x_wconf 77' lang='lat' dir='ltr'><em>victimae</em></span> <span class='ocrx_word' id='word_1_93' title='bbox 1155 717 1330 748; x_wconf 74' lang='lat' dir='ltr'><em>caedantur.</em></span> <span class='ocrx_word' id='word_1_94' title='bbox 1376 718 1461 757; x_wconf 73' lang='lat' dir='ltr'><em>apud</em></span> 
     </span>
     <span class='ocr_line' id='line_1_13' title="bbox 175 767 1460 809; baseline 0.001 -9"><span class='ocrx_word' id='word_1_95' title='bbox 175 767 284 800; x_wconf 74' lang='lat' dir='ltr'><em>veteres</em></span> <span class='ocrx_word' id='word_1_96' title='bbox 315 769 408 800; x_wconf 83' lang='lat' dir='ltr'><em>etiam</em></span> <span class='ocrx_word' id='word_1_97' title='bbox 440 768 576 800; x_wconf 81' lang='lat' dir='ltr'><em>homines</em></span> <span class='ocrx_word' id='word_1_98' title='bbox 607 770 880 809; x_wconf 74' lang='lat' dir='ltr'><em>interficiebantur,</em></span> <span class='ocrx_word' id='word_1_99' title='bbox 912 770 965 802; x_wconf 84' lang='lat' dir='ltr'><em>sed</em></span> <span class='ocrx_word' id='word_1_100' title='bbox 992 772 1111 801; x_wconf 75' lang='lat' dir='ltr'><em>mortuo</em></span> <span class='ocrx_word' id='word_1_101' title='bbox 1142 769 1237 801; x_wconf 79' lang='lat' dir='ltr'><em>Iunio</em></span> <span class='ocrx_word' id='word_1_102' title='bbox 1260 770 1363 801; x_wconf 81' lang='lat' dir='ltr'><em>Bruto</em></span> <span class='ocrx_word' id='word_1_103' title='bbox 1391 781 1460 801; x_wconf 84' lang='lat' dir='ltr'><em>eum</em></span> 
     </span>
     <span class='ocr_line' id='line_1_14' title="bbox 175 822 1460 864; baseline 0 -10"><span class='ocrx_word' id='word_1_104' title='bbox 175 822 290 854; x_wconf 79' lang='lat' dir='ltr'><em>multae</em></span> <span class='ocrx_word' id='word_1_105' title='bbox 316 825 418 863; x_wconf 77' lang='lat' dir='ltr'><em>qentes</em></span> <span class='ocrx_word' id='word_1_106' title='bbox 450 823 493 854; x_wconf 84' lang='lat' dir='ltr'><em>ad</em></span> <span class='ocrx_word' id='word_1_107' title='bbox 522 823 588 854; x_wconf 85' lang='lat' dir='ltr'><em>eius</em></span> <span class='ocrx_word' id='word_1_108' title='bbox 616 823 714 862; x_wconf 82' lang='lat' dir='ltr'><em>funus</em></span> <span class='ocrx_word' id='word_1_109' title='bbox 741 823 874 864; x_wconf 78' lang='lat' dir='ltr'><em>captivos</em></span> <span class='ocrx_word' id='word_1_110' title='bbox 902 823 1068 861; x_wconf 78' lang='lat' dir='ltr'><em>misissent,</em></span> <span class='ocrx_word' id='word_1_111' title='bbox 1099 833 1190 863; x_wconf 77' lang='lat' dir='ltr'><em>nepos</em></span> <span class='ocrx_word' id='word_1_112' title='bbox 1217 823 1304 854; x_wconf 75' lang='lat' dir='ltr'><em>illius</em></span> <span class='ocrx_word' id='word_1_113' title='bbox 1331 833 1379 854; x_wconf 89' lang='lat' dir='ltr'><em>eos</em></span> <span class='ocrx_word' id='word_1_114' title='bbox 1405 824 1460 863; x_wconf 82' lang='lat' dir='ltr'><em>qui</em></span> 
     </span>
     <span class='ocr_line' id='line_1_15' title="bbox 176 876 1461 917; baseline 0 -10"><span class='ocrx_word' id='word_1_115' title='bbox 176 876 266 908; x_wconf 86' lang='lat' dir='ltr'><em>missi</em></span> <span class='ocrx_word' id='word_1_116' title='bbox 295 878 385 907; x_wconf 81' lang='lat' dir='ltr'><em>erant</em></span> <span class='ocrx_word' id='word_1_117' title='bbox 412 877 492 907; x_wconf 78' lang='lat' dir='ltr'><em>inter</em></span> <span class='ocrx_word' id='word_1_118' title='bbox 521 886 552 907; x_wconf 89' lang='lat' dir='ltr'><em>se</em></span> <span class='ocrx_word' id='word_1_119' title='bbox 581 877 751 916; x_wconf 72' lang='lat' dir='ltr'><em>conposuit,</em></span> <span class='ocrx_word' id='word_1_120' title='bbox 784 879 812 908; x_wconf 79' lang='lat' dir='ltr'><em>et</em></span> <span class='ocrx_word' id='word_1_121' title='bbox 840 877 884 908; x_wconf 81' lang='lat' dir='ltr'><em>sie</em></span> <span class='ocrx_word' id='word_1_122' title='bbox 909 879 1143 917; x_wconf 61' lang='lat' dir='ltr'><em>meynaveruut:</em></span> <span class='ocrx_word' id='word_1_123' title='bbox 1176 879 1205 907; x_wconf 77' lang='lat' dir='ltr'><em>et</em></span> <span class='ocrx_word' id='word_1_124' title='bbox 1231 877 1312 916; x_wconf 82' lang='lat' dir='ltr'><em>quod</em></span> <span class='ocrx_word' id='word_1_125' title='bbox 1339 878 1461 908; x_wconf 74' lang='lat' dir='ltr'><em>mzcneri</em></span> 
     </span>
     <span class='ocr_line' id='line_1_16' title="bbox 175 929 1462 970; baseline 0 -9"><span class='ocrx_word' id='word_1_126' title='bbox 175 929 264 961; x_wconf 85' lang='lat' dir='ltr'><em>missi</em></span> <span class='ocrx_word' id='word_1_127' title='bbox 292 932 393 970; x_wconf 83' lang='lat' dir='ltr'><em>erant,</em></span> <span class='ocrx_word' id='word_1_128' title='bbox 423 930 494 961; x_wconf 79' lang='lat' dir='ltr'><em>inde</em></span> <span class='ocrx_word' id='word_1_129' title='bbox 523 940 638 961; x_wconf 85' lang='lat' dir='ltr'><em>munus</em></span> <span class='ocrx_word' id='word_1_130' title='bbox 664 930 860 970; x_wconf 73' lang='lat' dir='ltr'><em>appellatum.</em></span> <span class='ocrx_word' id='word_1_131' title='bbox 902 931 954 962; x_wconf 83' lang='lat' dir='ltr'><em>sed</em></span> <span class='ocrx_word' id='word_1_132' title='bbox 980 930 1127 970; x_wconf 82' lang='lat' dir='ltr'><em>quoniam</em></span> <span class='ocrx_word' id='word_1_133' title='bbox 1155 932 1367 970; x_wconf 80' lang='lat' dir='ltr'><em>sumptuosum</em></span> <span class='ocrx_word' id='word_1_134' title='bbox 1395 933 1462 961; x_wconf 77' lang='lat' dir='ltr'><em>erat</em></span> 
     </span>
     <span class='ocr_line' id='line_1_17' title="bbox 176 982 1462 1023; baseline 0.001 -10"><span class='ocrx_word' id='word_1_135' title='bbox 176 985 205 1014; x_wconf 82' lang='lat' dir='ltr'><em>et</em></span> <span class='ocrx_word' id='word_1_136' title='bbox 230 982 348 1014; x_wconf 83' lang='lat' dir='ltr'><em>crudele</em></span> <span class='ocrx_word' id='word_1_137' title='bbox 374 983 514 1014; x_wconf 80' lang='lat' dir='ltr'><em>victimas</em></span> <span class='ocrx_word' id='word_1_138' title='bbox 542 983 587 1013; x_wconf 84' lang='lat' dir='ltr'><em>vel</em></span> <span class='ocrx_word' id='word_1_139' title='bbox 609 982 746 1014; x_wconf 81' lang='lat' dir='ltr'><em>homines</em></span> <span class='ocrx_word' id='word_1_140' title='bbox 768 983 949 1023; x_wconf 77' lang='lat' dir='ltr'><em>interficere,</em></span> <span class='ocrx_word' id='word_1_141' title='bbox 977 984 1141 1023; x_wconf 76' lang='lat' dir='ltr'><em>sanyicinei</em></span> <span class='ocrx_word' id='word_1_142' title='bbox 1163 983 1271 1014; x_wconf 78' lang='lat' dir='ltr'><em>coloris</em></span> <span class='ocrx_word' id='word_1_143' title='bbox 1294 986 1396 1023; x_wconf 79' lang='lat' dir='ltr'><em>coepta</em></span> <span class='ocrx_word' id='word_1_144' title='bbox 1418 986 1462 1015; x_wconf 82' lang='lat' dir='ltr'><em>est</em></span> 
     </span>
     <span class='ocr_line' id='line_1_18' title="bbox 176 1035 1460 1088; baseline 0.001 -21"><span class='ocrx_word' id='word_1_145' title='bbox 176 1036 265 1068; x_wconf 75' lang='lat' dir='ltr'><em>vestis</em></span> <span class='ocrx_word' id='word_1_146' title='bbox 288 1037 418 1067; x_wconf 77' lang='lat' dir='ltr'><em>mortuis</em></span> <span class='ocrx_word' id='word_1_147' title='bbox 440 1036 526 1076; x_wconf 71' lang='lat' dir='ltr'><em>inici,</em></span> <span class='ocrx_word' id='word_1_148' title='bbox 549 1038 584 1067; x_wconf 79' lang='lat' dir='ltr'><em>ut</em></span> <span class='ocrx_word' id='word_1_149' title='bbox 605 1038 634 1067; x_wconf 83' lang='lat' dir='ltr'><em>et</em></span> <span class='ocrx_word' id='word_1_150' title='bbox 658 1037 719 1076; x_wconf 79' lang='lat' dir='ltr'><em>ipse</em></span> <span class='ocrx_word' id='word_1_151' title='bbox 743 1038 870 1068; x_wconf 75' lang='lat' dir='ltr'><em>testatur</em></span> <span class='ocrx_word' id='word_1_152' title='bbox 893 1035 962 1076; x_wconf 87' lang='lat' dir='ltr'><em>&lt;VI</em></span> <span class='ocrx_word' id='word_1_153' title='bbox 987 1035 1073 1076; x_wconf 76' lang='lat'><em>221&gt;</em></span> <span class='ocrx_word' id='word_1_154' title='bbox 1085 1046 1376 1088; x_wconf 62' lang='lat' dir='ltr'><em>⁴purpureasque</em></span> <span class='ocrx_word' id='word_1_155' title='bbox 1398 1047 1460 1068; x_wconf 91' lang='lat' dir='ltr'><em>su-</em></span> 
     </span>
     <span class='ocr_line' id='line_1_19' title="bbox 171 1089 1460 1130; baseline 0.002 -10"><span class='ocrx_word' id='word_1_156' title='bbox 171 1100 242 1129; x_wconf 78' lang='lat' dir='ltr'><em>per</em></span> <span class='ocrx_word' id='word_1_157' title='bbox 262 1092 376 1121; x_wconf 80' lang='lat' dir='ltr'><em>vestes</em></span> <span class='ocrx_word' id='word_1_158' title='bbox 398 1089 586 1121; x_wconf 79' lang='lat' dir='ltr'><em>velamina</em></span> <span class='ocrx_word' id='word_1_159' title='bbox 609 1091 697 1120; x_wconf 77' lang='lat' dir='ltr'><em>nota</em></span> <span class='ocrx_word' id='word_1_160' title='bbox 720 1092 748 1120; x_wconf 79' lang='lat' dir='ltr'><em>et</em></span> <span class='ocrx_word' id='word_1_161' title='bbox 771 1089 822 1129; x_wconf 87' lang='lat' dir='ltr'><em>&lt;V</em></span> <span class='ocrx_word' id='word_1_162' title='bbox 840 1089 902 1130; x_wconf 84' lang='lat'><em>79&gt;</em></span> <span class='ocrx_word' id='word_1_163' title='bbox 921 1100 1205 1130; x_wconf 75' lang='lat' dir='ltr'><em>purpureosque</em></span> <span class='ocrx_word' id='word_1_164' title='bbox 1227 1090 1321 1121; x_wconf 78' lang='lat' dir='ltr'><em>iacit</em></span> <span class='ocrx_word' id='word_1_165' title='bbox 1336 1090 1460 1129; x_wconf 82' lang='lat' dir='ltr'><em>flores.</em></span> 
     </span>
     <span class='ocr_line' id='line_1_20' title="bbox 177 1142 1461 1184; baseline 0.002 -10"><span class='ocrx_word' id='word_1_166' title='bbox 177 1142 236 1174; x_wconf 86' lang='lat' dir='ltr'><em>alii</em></span> <span class='ocrx_word' id='word_1_167' title='bbox 257 1143 420 1184; x_wconf 77' lang='lat' dir='ltr'><em>sanyuinis</em></span> <span class='ocrx_word' id='word_1_168' title='bbox 442 1143 597 1183; x_wconf 79' lang='lat' dir='ltr'><em>inferendi</em></span> <span class='ocrx_word' id='word_1_169' title='bbox 618 1143 661 1174; x_wconf 81' lang='lat' dir='ltr'><em>ad</em></span> <span class='ocrx_word' id='word_1_170' title='bbox 682 1143 870 1174; x_wconf 79' lang='lat' dir='ltr'><em>adescandas</em></span> <span class='ocrx_word' id='word_1_171' title='bbox 889 1143 1102 1182; x_wconf 79' lang='lat' dir='ltr'><em>defunctorum</em></span> <span class='ocrx_word' id='word_1_172' title='bbox 1121 1143 1245 1174; x_wconf 85' lang='lat' dir='ltr'><em>animas</em></span> <span class='ocrx_word' id='word_1_173' title='bbox 1264 1143 1322 1174; x_wconf 84' lang='lat' dir='ltr'><em>illa</em></span> <span class='ocrx_word' id='word_1_174' title='bbox 1340 1144 1461 1176; x_wconf 76' lang='lat' dir='ltr'><em>ratione</em></span> 
     </span>
     <span class='ocr_line' id='line_1_21' title="bbox 177 1197 1461 1237; baseline -0.001 -10"><span class='ocrx_word' id='word_1_175' title='bbox 177 1197 423 1228; x_wconf 65' lang='lat' dir='ltr'><em>ecmsuebudinern</em></span> <span class='ocrx_word' id='word_1_176' title='bbox 443 1197 579 1237; x_wconf 70' lang='lat' dir='ltr'><em>tradunt,</em></span> <span class='ocrx_word' id='word_1_177' title='bbox 597 1199 632 1227; x_wconf 79' lang='lat' dir='ltr'><em>ut</em></span> <span class='ocrx_word' id='word_1_178' title='bbox 650 1197 684 1228; x_wconf 84' lang='lat' dir='ltr'><em>id</em></span> <span class='ocrx_word' id='word_1_179' title='bbox 700 1197 782 1236; x_wconf 81' lang='lat' dir='ltr'><em>quod</em></span> <span class='ocrx_word' id='word_1_180' title='bbox 798 1197 969 1228; x_wconf 74' lang='lat' dir='ltr'><em>amiserunt</em></span> <span class='ocrx_word' id='word_1_181' title='bbox 986 1197 1148 1228; x_wconf 80' lang='lat' dir='ltr'><em>videantur</em></span> <span class='ocrx_word' id='word_1_182' title='bbox 1166 1197 1314 1236; x_wconf 76' lang='lat' dir='ltr'><em>accipere:</em></span> <span class='ocrx_word' id='word_1_183' title='bbox 1333 1198 1461 1237; x_wconf 76' lang='lat' dir='ltr'><em>sanquis</em></span> 
     </span>
    </p>
   </div>
   <div class='ocr_carea' id='block_1_4' title="bbox 177 1250 1491 1291">
    <p class='ocr_par' dir='ltr' id='par_1_7' title="bbox 177 1250 1491 1291">
     <span class='ocr_line' id='line_1_22' title="bbox 177 1250 1491 1291; baseline -0.002 -10"><span class='ocrx_word' id='word_1_184' title='bbox 177 1250 259 1281; x_wconf 70' lang='lat' dir='ltr'><em>enim</em></span> <span class='ocrx_word' id='word_1_185' title='bbox 281 1250 363 1281; x_wconf 83' lang='lat' dir='ltr'><em>velut</em></span> <span class='ocrx_word' id='word_1_186' title='bbox 384 1250 509 1281; x_wconf 58' lang='lat' dir='ltr'><em>animm.&gt;</em></span> <span class='ocrx_word' id='word_1_187' title='bbox 525 1250 676 1290; x_wconf 74' lang='lat' dir='ltr'><em>possessio</em></span> <span class='ocrx_word' id='word_1_188' title='bbox 699 1252 750 1291; x_wconf 78' lang='lat' dir='ltr'><em>est,</em></span> <span class='ocrx_word' id='word_1_189' title='bbox 773 1251 853 1281; x_wconf 79' lang='lat' dir='ltr'><em>unde</em></span> <span class='ocrx_word' id='word_1_190' title='bbox 876 1260 1042 1290; x_wconf 73' lang='lat' dir='ltr'><em>exsanyues</em></span> <span class='ocrx_word' id='word_1_191' title='bbox 1065 1250 1180 1280; x_wconf 76' lang='lat' dir='ltr'><em>mortui</em></span> <span class='ocrx_word' id='word_1_192' title='bbox 1198 1250 1351 1281; x_wconf 68' lang='lat' dir='ltr'><em>dieantur.</em></span> <span class='ocrx_word' id='word_1_193' title='bbox 1382 1260 1457 1281; x_wconf 83' lang='lat' dir='ltr'><em>nam</em></span> <span class='ocrx_word' id='word_1_194' title='bbox 1477 1256 1491 1279; x_wconf 64' lang='lat' dir='ltr'><em>‘a</em></span> 
     </span>
    </p>
   </div>
   <div class='ocr_carea' id='block_1_5' title="bbox 173 1303 1460 1669">
    <p class='ocr_par' dir='ltr' id='par_1_8' title="bbox 173 1303 1460 1442">
     <span class='ocr_line' id='line_1_23' title="bbox 178 1303 1459 1344; baseline -0.001 -9"><span class='ocrx_word' id='word_1_195' title='bbox 178 1305 206 1334; x_wconf 84' lang='lat' dir='ltr'><em>et</em></span> <span class='ocrx_word' id='word_1_196' title='bbox 223 1303 381 1335; x_wconf 81' lang='lat' dir='ltr'><em>Homerus</em></span> <span class='ocrx_word' id='word_1_197' title='bbox 404 1303 438 1334; x_wconf 84' lang='lat' dir='ltr'><em>in</em></span> <span class='ocrx_word' id='word_1_198' title='bbox 461 1304 672 1335; x_wconf 79' lang='lat' dir='ltr'><em>necromantia</em></span> <span class='ocrx_word' id='word_1_199' title='bbox 690 1314 753 1335; x_wconf 91' lang='lat' dir='ltr'><em>non</em></span> <span class='ocrx_word' id='word_1_200' title='bbox 766 1304 859 1344; x_wconf 77' lang='lat' dir='ltr'><em>prius</em></span> <span class='ocrx_word' id='word_1_201' title='bbox 875 1303 954 1343; x_wconf 75' lang='lat' dir='ltr'><em>facit</em></span> <span class='ocrx_word' id='word_1_202' title='bbox 972 1303 1055 1343; x_wconf 82' lang='lat' dir='ltr'><em>loqui</em></span> <span class='ocrx_word' id='word_1_203' title='bbox 1072 1303 1205 1342; x_wconf 85' lang='lat' dir='ltr'><em>animas,</em></span> <span class='ocrx_word' id='word_1_204' title='bbox 1228 1304 1292 1334; x_wconf 86' lang='lat' dir='ltr'><em>nisi</em></span> <span class='ocrx_word' id='word_1_205' title='bbox 1309 1304 1459 1344; x_wconf 58' lang='lat' dir='ltr'><em>sanquine</em></span> 
     </span>
     <span class='ocr_line' id='line_1_24' title="bbox 173 1356 1460 1398; baseline -0.001 -10"><span class='ocrx_word' id='word_1_206' title='bbox 173 1359 304 1398; x_wconf 71' lang='lat' dir='ltr'><em>qustato.</em></span> <span class='ocrx_word' id='word_1_207' title='bbox 350 1357 408 1388; x_wconf 80' lang='lat' dir='ltr'><em>alii</em></span> <span class='ocrx_word' id='word_1_208' title='bbox 432 1357 479 1388; x_wconf 85' lang='lat' dir='ltr'><em>lae</em></span> <span class='ocrx_word' id='word_1_209' title='bbox 502 1359 531 1388; x_wconf 78' lang='lat' dir='ltr'><em>et</em></span> <span class='ocrx_word' id='word_1_210' title='bbox 551 1357 733 1398; x_wconf 75' lang='lat' dir='ltr'><em>sanquinem</em></span> <span class='ocrx_word' id='word_1_211' title='bbox 756 1357 795 1388; x_wconf 81' lang='lat' dir='ltr'><em>ab</em></span> <span class='ocrx_word' id='word_1_212' title='bbox 817 1356 872 1387; x_wconf 76' lang='lat' dir='ltr'><em>hoo</em></span> <span class='ocrx_word' id='word_1_213' title='bbox 894 1357 1062 1397; x_wconf 66' lang='lat' dir='ltr'><em>accipiunt,</em></span> <span class='ocrx_word' id='word_1_214' title='bbox 1091 1357 1172 1396; x_wconf 84' lang='lat' dir='ltr'><em>quod</em></span> <span class='ocrx_word' id='word_1_215' title='bbox 1193 1367 1258 1388; x_wconf 89' lang='lat' dir='ltr'><em>una</em></span> <span class='ocrx_word' id='word_1_216' title='bbox 1282 1367 1329 1388; x_wconf 83' lang='lat' dir='ltr'><em>res</em></span> <span class='ocrx_word' id='word_1_217' title='bbox 1352 1357 1460 1395; x_wconf 74' lang='lat' dir='ltr'><em>nutrit,</em></span> 
     </span>
     <span class='ocr_line' id='line_1_25' title="bbox 177 1410 435 1442; baseline 0.004 -1"><span class='ocrx_word' id='word_1_218' title='bbox 177 1410 244 1441; x_wconf 85' lang='lat' dir='ltr'><em>alia</em></span> <span class='ocrx_word' id='word_1_219' title='bbox 266 1411 435 1442; x_wconf 68' lang='lat' dir='ltr'><em>nutriatur.</em></span> 
     </span>
    </p>

    <p class='ocr_par' dir='ltr' id='par_1_9' title="bbox 177 1463 1460 1669">
     <span class='ocr_line' id='line_1_26' title="bbox 267 1463 1460 1504; baseline -0.001 -9"><span class='ocrx_word' id='word_1_220' title='bbox 267 1464 319 1496; x_wconf 87' lang='lat'><em>68.</em></span> <span class='ocrx_word' id='word_1_221' title='bbox 356 1473 567 1502; x_wconf 80' lang='lat' dir='ltr'><strong>ANIMAMQVE</strong></span> <span class='ocrx_word' id='word_1_222' title='bbox 592 1472 769 1496; x_wconf 79' lang='lat' dir='ltr'>SEPVLCRO</span> <span class='ocrx_word' id='word_1_223' title='bbox 794 1472 973 1495; x_wconf 82' lang='lat' dir='ltr'>CONDIMVS</span> <span class='ocrx_word' id='word_1_224' title='bbox 997 1474 1065 1504; x_wconf 77' lang='lat' dir='ltr'><em>erqo</em></span> <span class='ocrx_word' id='word_1_225' title='bbox 1088 1463 1167 1494; x_wconf 71' lang='lat' dir='ltr'><em>sieut</em></span> <span class='ocrx_word' id='word_1_226' title='bbox 1184 1463 1299 1494; x_wconf 79' lang='lat' dir='ltr'><em>dietum</em></span> <span class='ocrx_word' id='word_1_227' title='bbox 1317 1465 1361 1494; x_wconf 82' lang='lat' dir='ltr'><em>est</em></span> <span class='ocrx_word' id='word_1_228' title='bbox 1378 1463 1460 1494; x_wconf 87' lang='lat' dir='ltr'><em>bene</em></span> 
     </span>
     <span class='ocr_line' id='line_1_27' title="bbox 179 1516 1459 1559; baseline -0.001 -11"><span class='ocrx_word' id='word_1_229' title='bbox 179 1517 323 1549; x_wconf 82' lang='lat' dir='ltr'>animam</span> <span class='ocrx_word' id='word_1_230' title='bbox 346 1517 430 1549; x_wconf 78' lang='lat' dir='ltr'><em>laete</em></span> <span class='ocrx_word' id='word_1_231' title='bbox 455 1520 487 1549; x_wconf 57' lang='grc' dir='ltr'><em>εὑ</em></span> <span class='ocrx_word' id='word_1_232' title='bbox 511 1518 669 1559; x_wconf 82' lang='lat' dir='ltr'><em>sang-uine</em></span> <span class='ocrx_word' id='word_1_233' title='bbox 693 1517 733 1548; x_wconf 87' lang='lat' dir='ltr'><em>ad</em></span> <span class='ocrx_word' id='word_1_234' title='bbox 756 1517 916 1549; x_wconf 77' lang='lat' dir='ltr'><em>&#39;cumulum</em></span> <span class='ocrx_word' id='word_1_235' title='bbox 939 1516 1017 1547; x_wconf 75' lang='lat' dir='ltr'><strong>dicit</strong></span> <span class='ocrx_word' id='word_1_236' title='bbox 1041 1516 1196 1548; x_wconf 77' lang='lat' dir='ltr'><em>elicitam:</em></span> <span class='ocrx_word' id='word_1_237' title='bbox 1219 1516 1304 1548; x_wconf 75' lang='lat' dir='ltr'><em>lacte</em></span> <span class='ocrx_word' id='word_1_238' title='bbox 1322 1527 1459 1558; x_wconf 88' lang='lat' dir='ltr'><em>namque</em></span> 
     </span>
     <span class='ocr_line' id='line_1_28' title="bbox 179 1569 1458 1612; baseline -0.002 -10"><span class='ocrx_word' id='word_1_239' title='bbox 179 1581 294 1611; x_wconf 84' lang='lat' dir='ltr'><em>corpus</em></span> <span class='ocrx_word' id='word_1_240' title='bbox 318 1571 463 1602; x_wconf 69' lang='lat' dir='ltr'><em>nutritur</em></span> <span class='ocrx_word' id='word_1_241' title='bbox 485 1573 561 1612; x_wconf 73' lang='lat' dir='ltr'><em>post</em></span> <span class='ocrx_word' id='word_1_242' title='bbox 585 1572 709 1603; x_wconf 80' lang='lat' dir='ltr'><em>animae</em></span> <span class='ocrx_word' id='word_1_243' title='bbox 733 1571 1002 1611; x_wconf 75' lang='lat' dir='ltr'><em>coniunctionem,</em></span> <span class='ocrx_word' id='word_1_244' title='bbox 1026 1571 1058 1600; x_wconf 77' lang='lat' dir='ltr'><em>et</em></span> <span class='ocrx_word' id='word_1_245' title='bbox 1082 1569 1190 1601; x_wconf 75' lang='lat' dir='ltr'><em>anima</em></span> <span class='ocrx_word' id='word_1_246' title='bbox 1214 1570 1281 1600; x_wconf 83' lang='lat' dir='ltr'><em>sine</em></span> <span class='ocrx_word' id='word_1_247' title='bbox 1302 1570 1458 1611; x_wconf 87' lang='lat' dir='ltr'><em>sanguine</em></span> 
     </span>
     <span class='ocr_line' id='line_1_29' title="bbox 177 1622 1457 1669; baseline 0 -14"><span class='ocrx_word' id='word_1_248' title='bbox 177 1635 353 1666; x_wconf 83' lang='lat' dir='ltr'><em>numquam</em></span> <span class='ocrx_word' id='word_1_249' title='bbox 382 1627 441 1666; x_wconf 70' lang='lat' dir='ltr'><em>est,</em></span> <span class='ocrx_word' id='word_1_250' title='bbox 468 1636 530 1666; x_wconf 90' lang='lat' dir='ltr'><em>quo</em></span> <span class='ocrx_word' id='word_1_251' title='bbox 556 1625 656 1656; x_wconf 87' lang='lat' dir='ltr'><em>effuso</em></span> <span class='ocrx_word' id='word_1_252' title='bbox 680 1624 810 1669; x_wconf 74' lang='lat' dir='ltr'><em>recedit.</em></span> <span class='ocrx_word' id='word_1_253' title='bbox 847 1624 986 1665; x_wconf 86' lang='lat' dir='ltr'><em>legimus</em></span> <span class='ocrx_word' id='word_1_254' title='bbox 1010 1625 1178 1664; x_wconf 75' lang='lat' dir='ltr'><em>praeterea.</em></span> <span class='ocrx_word' id='word_1_255' title='bbox 1201 1623 1235 1653; x_wconf 91' lang='lat' dir='ltr'><em>in</em></span> <span class='ocrx_word' id='word_1_256' title='bbox 1259 1622 1313 1654; x_wconf 93' lang='lat' dir='ltr'><em>VI.</em></span> <span class='ocrx_word' id='word_1_257' title='bbox 1339 1623 1457 1664; x_wconf 74' lang='lat'><strong>(325),</strong></span> 
     </span>
    </p>
   </div>
   <div class='ocr_carea' id='block_1_6' title="bbox 233 1688 391 1692">
    <p class='ocr_par' dir='ltr' id='par_1_10' title="bbox 233 1688 391 1692">
     <span class='ocr_line' id='line_1_30' title="bbox 233 1688 391 1692; baseline 0 0"><span class='ocrx_word' id='word_1_258' title='bbox 233 1688 391 1692; x_wconf 95' lang='lat' dir='ltr'><em> </em></span> 
     </span>
    </p>
   </div>
   <div class='ocr_carea' id='block_1_7' title="bbox 179 1719 1460 1898">
    <p class='ocr_par' dir='ltr' id='par_1_11' title="bbox 179 1719 1460 1898">
     <span class='ocr_line' id='line_1_31' title="bbox 250 1719 1458 1756; baseline -0.002 -8"><span class='ocrx_word' id='word_1_259' title='bbox 250 1725 265 1748; x_wconf 88' lang='lat'>5</span> <span class='ocrx_word' id='word_1_260' title='bbox 286 1721 403 1756; x_wconf 80' lang='lat' dir='ltr'>Cymbia</span> <span class='ocrx_word' id='word_1_261' title='bbox 422 1742 428 1748; x_wconf 89' lang='lat'><em>.</em></span> <span class='ocrx_word' id='word_1_262' title='bbox 449 1742 455 1748; x_wconf 91' lang='lat'><em>.</em></span> <span class='ocrx_word' id='word_1_263' title='bbox 475 1743 481 1748; x_wconf 87' lang='lat'><em>.</em></span> <span class='ocrx_word' id='word_1_264' title='bbox 501 1721 589 1756; x_wconf 71' lang='lat' dir='ltr'><em>facta]</em></span> <span class='ocrx_word' id='word_1_265' title='bbox 614 1721 648 1748; x_wconf 86' lang='lat' dir='ltr'><em>ef.</em></span> <span class='ocrx_word' id='word_1_266' title='bbox 673 1721 794 1747; x_wconf 81' lang='lat' dir='ltr'><em>Macrob.</em></span> <span class='ocrx_word' id='word_1_267' title='bbox 820 1720 877 1748; x_wconf 77' lang='lat' dir='ltr'><em>Sat.</em></span> <span class='ocrx_word' id='word_1_268' title='bbox 896 1720 921 1746; x_wconf 88' lang='lat' dir='ltr'><strong>V</strong></span> <span class='ocrx_word' id='word_1_269' title='bbox 941 1723 987 1752; x_wconf 82' lang='grc'><em>21,</em></span> <span class='ocrx_word' id='word_1_270' title='bbox 1013 1723 1037 1746; x_wconf 88' lang='lat'><em>9.</em></span> <span class='ocrx_word' id='word_1_271' title='bbox 1062 1720 1124 1746; x_wconf 75' lang='lat' dir='ltr'><em>Isid.</em></span> <span class='ocrx_word' id='word_1_272' title='bbox 1151 1728 1189 1746; x_wconf 91' lang='lat' dir='ltr'><em>or.</em></span> <span class='ocrx_word' id='word_1_273' title='bbox 1211 1719 1262 1745; x_wconf 90' lang='lat' dir='ltr'><em>XX</em></span> <span class='ocrx_word' id='word_1_274' title='bbox 1282 1722 1310 1751; x_wconf 82' lang='lat'><em>5,</em></span> <span class='ocrx_word' id='word_1_275' title='bbox 1331 1723 1354 1745; x_wconf 82' lang='lat'><em>4.</em></span> <span class='ocrx_word' id='word_1_276' title='bbox 1379 1719 1458 1746; x_wconf 73' lang='lat' dir='ltr'><em>Luct.</em></span> 
     </span>
     <span class='ocr_line' id='line_1_32' title="bbox 179 1755 1460 1791; baseline -0.002 -8"><span class='ocrx_word' id='word_1_277' title='bbox 179 1757 255 1785; x_wconf 79' lang='lat' dir='ltr'><em>Plac.</em></span> <span class='ocrx_word' id='word_1_278' title='bbox 276 1758 312 1784; x_wconf 79' lang='lat' dir='ltr'><em>ad</em></span> <span class='ocrx_word' id='word_1_279' title='bbox 332 1757 403 1783; x_wconf 73' lang='lat' dir='ltr'>Stat.</span> <span class='ocrx_word' id='word_1_280' title='bbox 423 1757 511 1783; x_wconf 88' lang='lat' dir='ltr'><em>Theb.</em></span> <span class='ocrx_word' id='word_1_281' title='bbox 530 1757 568 1783; x_wconf 80' lang='lat' dir='ltr'><em>VI</em></span> <span class='ocrx_word' id='word_1_282' title='bbox 588 1760 639 1783; x_wconf 89' lang='grc'><strong>212</strong></span> <span class='ocrx_word' id='word_1_283' title='bbox 667 1758 677 1791; x_wconf 88' lang='grc' dir='ltr'><em>ΙΙ</em></span> <span class='ocrx_word' id='word_1_284' title='bbox 706 1760 738 1783; x_wconf 86' lang='grc'><strong>19</strong></span> <span class='ocrx_word' id='word_1_285' title='bbox 757 1757 870 1790; x_wconf 80' lang='lat' dir='ltr'><em>sanguis</em></span> <span class='ocrx_word' id='word_1_286' title='bbox 895 1756 967 1782; x_wconf 86' lang='lat' dir='ltr'><em>enim</em></span> <span class='ocrx_word' id='word_1_287' title='bbox 989 1777 994 1782; x_wconf 94' lang='lat'><em>.</em></span> <span class='ocrx_word' id='word_1_288' title='bbox 1015 1776 1020 1781; x_wconf 94' lang='lat'><em>.</em></span> <span class='ocrx_word' id='word_1_289' title='bbox 1042 1777 1047 1782; x_wconf 87' lang='lat'><em>.</em></span> <span class='ocrx_word' id='word_1_290' title='bbox 1067 1755 1209 1789; x_wconf 68' lang='lat' dir='ltr'><em>dicuntur]</em></span> <span class='ocrx_word' id='word_1_291' title='bbox 1230 1755 1307 1782; x_wconf 76' lang='lat' dir='ltr'><em>Luct.</em></span> <span class='ocrx_word' id='word_1_292' title='bbox 1328 1755 1403 1781; x_wconf 79' lang='lat' dir='ltr'><em>Plac.</em></span> <span class='ocrx_word' id='word_1_293' title='bbox 1423 1755 1460 1781; x_wconf 84' lang='lat' dir='ltr'><em>ad</em></span> 
     </span>
     <span class='ocr_line' id='line_1_33' title="bbox 180 1790 1459 1826; baseline -0.003 -7"><span class='ocrx_word' id='word_1_294' title='bbox 180 1793 248 1819; x_wconf 76' lang='lat' dir='ltr'><strong>Stat.</strong></span> <span class='ocrx_word' id='word_1_295' title='bbox 270 1793 357 1819; x_wconf 83' lang='lat' dir='ltr'><em>Theb.</em></span> <span class='ocrx_word' id='word_1_296' title='bbox 377 1793 414 1819; x_wconf 92' lang='lat' dir='ltr'><em>VI</em></span> <span class='ocrx_word' id='word_1_297' title='bbox 435 1796 486 1819; x_wconf 91' lang='grc'><strong>212</strong></span> <span class='ocrx_word' id='word_1_298' title='bbox 507 1794 536 1819; x_wconf 66' lang='grc' dir='ltr'><em>είς</em></span> <span class='ocrx_word' id='word_1_299' title='bbox 554 1792 619 1819; x_wconf 80' lang='lat' dir='ltr'><em>Isid.</em></span> <span class='ocrx_word' id='word_1_300' title='bbox 639 1801 677 1819; x_wconf 86' lang='lat' dir='ltr'><em>or.</em></span> <span class='ocrx_word' id='word_1_301' title='bbox 698 1792 735 1818; x_wconf 92' lang='lat' dir='ltr'><em>XI</em></span> <span class='ocrx_word' id='word_1_302' title='bbox 756 1795 779 1824; x_wconf 83' lang='lat'><em>1,</em></span> <span class='ocrx_word' id='word_1_303' title='bbox 801 1795 850 1818; x_wconf 88' lang='grc'><em>123</em></span> <span class='ocrx_word' id='word_1_304' title='bbox 879 1792 888 1825; x_wconf 84' lang='grc' dir='ltr'><em>ΙΙ</em></span> <span class='ocrx_word' id='word_1_305' title='bbox 915 1794 947 1817; x_wconf 87' lang='grc'><em>21</em></span> <span class='ocrx_word' id='word_1_306' title='bbox 968 1791 1117 1826; x_wconf 80' lang='lat' dir='ltr'><em>Homerus]</em></span> <span class='ocrx_word' id='word_1_307' title='bbox 1139 1790 1188 1816; x_wconf 88' lang='lat' dir='ltr'><em>Od.</em></span> <span class='ocrx_word' id='word_1_308' title='bbox 1210 1790 1247 1816; x_wconf 84' lang='lat' dir='ltr'><em>XI</em></span> <span class='ocrx_word' id='word_1_309' title='bbox 1267 1794 1300 1816; x_wconf 81' lang='grc'><em>96</em></span> <span class='ocrx_word' id='word_1_310' title='bbox 1324 1792 1334 1823; x_wconf 82' lang='grc'><em>11</em></span> <span class='ocrx_word' id='word_1_311' title='bbox 1357 1793 1390 1816; x_wconf 83' lang='grc'><em>22</em></span> <span class='ocrx_word' id='word_1_312' title='bbox 1411 1790 1459 1816; x_wconf 83' lang='lat' dir='ltr'>alii</span> 
     </span>
     <span class='ocr_line' id='line_1_34' title="bbox 179 1825 1459 1863; baseline -0.003 -8"><span class='ocrx_word' id='word_1_313' title='bbox 179 1850 186 1856; x_wconf 88' lang='lat'><em>.</em></span> <span class='ocrx_word' id='word_1_314' title='bbox 207 1849 212 1854; x_wconf 93' lang='lat'><em>.</em></span> <span class='ocrx_word' id='word_1_315' title='bbox 234 1849 239 1854; x_wconf 90' lang='lat'><em>.</em></span> <span class='ocrx_word' id='word_1_316' title='bbox 260 1829 413 1863; x_wconf 75' lang='lat' dir='ltr'><em>nutriatur]</em></span> <span class='ocrx_word' id='word_1_317' title='bbox 440 1828 473 1855; x_wconf 86' lang='lat' dir='ltr'><em>cf.</em></span> <span class='ocrx_word' id='word_1_318' title='bbox 498 1828 576 1855; x_wconf 74' lang='lat' dir='ltr'><em>Luct.</em></span> <span class='ocrx_word' id='word_1_319' title='bbox 600 1827 676 1854; x_wconf 80' lang='lat' dir='ltr'><em>Plae.</em></span> <span class='ocrx_word' id='word_1_320' title='bbox 702 1827 738 1854; x_wconf 81' lang='lat' dir='ltr'><em>ad</em></span> <span class='ocrx_word' id='word_1_321' title='bbox 758 1828 827 1854; x_wconf 54' lang='lat' dir='ltr'><em>star.</em></span> <span class='ocrx_word' id='word_1_322' title='bbox 849 1827 936 1853; x_wconf 88' lang='lat' dir='ltr'><em>Theb.</em></span> <span class='ocrx_word' id='word_1_323' title='bbox 956 1827 994 1852; x_wconf 79' lang='lat' dir='ltr'><em>Vl</em></span> <span class='ocrx_word' id='word_1_324' title='bbox 1016 1829 1065 1852; x_wconf 82' lang='lat'><em>199</em></span> <span class='ocrx_word' id='word_1_325' title='bbox 1089 1828 1117 1853; x_wconf 78' lang='lat' dir='ltr'><em>et</em></span> <span class='ocrx_word' id='word_1_326' title='bbox 1136 1829 1196 1853; x_wconf 89' lang='grc'><strong>211.</strong></span> <span class='ocrx_word' id='word_1_327' title='bbox 1216 1826 1279 1852; x_wconf 66' lang='lat' dir='ltr'><strong>laid.</strong></span> <span class='ocrx_word' id='word_1_328' title='bbox 1305 1834 1343 1852; x_wconf 87' lang='lat' dir='ltr'><em>or.</em></span> <span class='ocrx_word' id='word_1_329' title='bbox 1364 1825 1415 1851; x_wconf 88' lang='lat' dir='ltr'><em>XX</em></span> <span class='ocrx_word' id='word_1_330' title='bbox 1434 1829 1459 1858; x_wconf 86' lang='grc'><strong>2,</strong></span> 
     </span>
     <span class='ocr_line' id='line_1_35' title="bbox 179 1862 1106 1898; baseline -0.001 -8"><span class='ocrx_word' id='word_1_331' title='bbox 179 1864 286 1898; x_wconf 74' lang='lat'>341124</span> <span class='ocrx_word' id='word_1_332' title='bbox 304 1864 375 1891; x_wconf 88' lang='lat' dir='ltr'><em>bene</em></span> <span class='ocrx_word' id='word_1_333' title='bbox 394 1864 518 1890; x_wconf 81' lang='lat' dir='ltr'>animam</span> <span class='ocrx_word' id='word_1_334' title='bbox 538 1872 560 1891; x_wconf 89' lang='lat' dir='ltr'><em>e.</em></span> <span class='ocrx_word' id='word_1_335' title='bbox 581 1873 606 1897; x_wconf 93' lang='lat' dir='ltr'><em>q.</em></span> <span class='ocrx_word' id='word_1_336' title='bbox 627 1863 661 1898; x_wconf 82' lang='lat' dir='ltr'><em>s.]</em></span> <span class='ocrx_word' id='word_1_337' title='bbox 681 1863 715 1890; x_wconf 75' lang='lat' dir='ltr'><em>ef.</em></span> <span class='ocrx_word' id='word_1_338' title='bbox 735 1863 875 1897; x_wconf 75' lang='lat' dir='ltr'><em>mythogr.</em></span> <span class='ocrx_word' id='word_1_339' title='bbox 895 1862 934 1888; x_wconf 89' lang='lat' dir='ltr'><em>III</em></span> <span class='ocrx_word' id='word_1_340' title='bbox 954 1865 978 1895; x_wconf 79' lang='grc'><em>6,</em></span> <span class='ocrx_word' id='word_1_341' title='bbox 998 1865 1032 1888; x_wconf 85' lang='grc'><strong>26</strong></span> <span class='ocrx_word' id='word_1_342' title='bbox 1048 1871 1106 1895; x_wconf 84' lang='lat' dir='ltr'><em>sqq.</em></span> 
     </span>
    </p>
   </div>
   <div class='ocr_carea' id='block_1_8' title="bbox 179 1921 392 1924">
    <p class='ocr_par' dir='ltr' id='par_1_12' title="bbox 179 1921 392 1924">
     <span class='ocr_line' id='line_1_36' title="bbox 179 1921 392 1924; baseline 0 0"><span class='ocrx_word' id='word_1_343' title='bbox 179 1921 392 1924; x_wconf 95' lang='lat' dir='ltr'><em> </em></span> 
     </span>
    </p>
   </div>
   <div class='ocr_carea' id='block_1_9' title="bbox 179 1951 1460 2414">
    <p class='ocr_par' dir='ltr' id='par_1_13' title="bbox 179 1951 1460 2414">
     <span class='ocr_line' id='line_1_37' title="bbox 252 1951 1459 1987; baseline -0.003 -7"><span class='ocrx_word' id='word_1_344' title='bbox 252 1957 265 1980; x_wconf 87' lang='lat'>1</span> <span class='ocrx_word' id='word_1_345' title='bbox 287 1954 321 1980; x_wconf 86' lang='lat' dir='ltr'><em>de</em></span> <span class='ocrx_word' id='word_1_346' title='bbox 340 1962 390 1980; x_wconf 85' lang='lat' dir='ltr'><em>om.</em></span> <span class='ocrx_word' id='word_1_347' title='bbox 406 1953 431 1979; x_wconf 90' lang='lat' dir='ltr'><strong><em>L</em></strong></span> <span class='ocrx_word' id='word_1_348' title='bbox 445 1954 454 1987; x_wconf 84' lang='grc' dir='ltr'><em>ΙΙ</em></span> <span class='ocrx_word' id='word_1_349' title='bbox 468 1956 483 1979; x_wconf 88' lang='grc'><strong>3</strong></span> <span class='ocrx_word' id='word_1_350' title='bbox 504 1952 594 1979; x_wconf 70' lang='lat' dir='ltr'><em>multo</em></span> <span class='ocrx_word' id='word_1_351' title='bbox 610 1952 676 1978; x_wconf 74' lang='grc' dir='ltr'><em>ΓΗ</em></span> <span class='ocrx_word' id='word_1_352' title='bbox 686 1952 696 1985; x_wconf 85' lang='grc' dir='ltr'><em>ΙΙ</em></span> <span class='ocrx_word' id='word_1_353' title='bbox 710 1955 726 1978; x_wconf 82' lang='lat'>5</span> <span class='ocrx_word' id='word_1_354' title='bbox 746 1952 783 1979; x_wconf 81' lang='lat' dir='ltr'><em>ad</em></span> <span class='ocrx_word' id='word_1_355' title='bbox 801 1952 913 1986; x_wconf 80' lang='lat' dir='ltr'><em>cymbia</em></span> <span class='ocrx_word' id='word_1_356' title='bbox 931 1959 1018 1984; x_wconf 82' lang='lat' dir='ltr'><em>supra</em></span> <span class='ocrx_word' id='word_1_357' title='bbox 1036 1959 1142 1977; x_wconf 80' lang='lat' dir='ltr'><em>versum</em></span> <span class='ocrx_word' id='word_1_358' title='bbox 1160 1951 1226 1977; x_wconf 80' lang='lat' dir='ltr'><em>haec</em></span> <span class='ocrx_word' id='word_1_359' title='bbox 1239 1951 1381 1984; x_wconf 78' lang='lat' dir='ltr'><em>adscripta</em></span> <span class='ocrx_word' id='word_1_360' title='bbox 1394 1953 1459 1976; x_wconf 81' lang='lat' dir='ltr'><em>sunt</em></span> 
     </span>
     <span class='ocr_line' id='line_1_38' title="bbox 179 1986 1458 2023; baseline -0.004 -7"><span class='ocrx_word' id='word_1_361' title='bbox 179 1990 210 2016; x_wconf 81' lang='lat' dir='ltr'><em>in</em></span> <span class='ocrx_word' id='word_1_362' title='bbox 232 1989 256 2015; x_wconf 88' lang='lat' dir='ltr'><em>T</em></span> <span class='ocrx_word' id='word_1_363' title='bbox 280 1997 395 2023; x_wconf 84' lang='lat' dir='ltr'><em>procera</em></span> <span class='ocrx_word' id='word_1_364' title='bbox 419 1988 520 2023; x_wconf 80' lang='lat' dir='ltr'><strong>pocula</strong></span> <span class='ocrx_word' id='word_1_365' title='bbox 543 1988 673 2014; x_wconf 73' lang='lat' dir='ltr'><em>dicuntur</em></span> <span class='ocrx_word' id='word_1_366' title='bbox 691 1988 802 2022; x_wconf 87' lang='lat' dir='ltr'><em>proprie</em></span> <span class='ocrx_word' id='word_1_367' title='bbox 828 1987 931 2014; x_wconf 83' lang='lat' dir='ltr'><strong>cimbia</strong></span> <span class='ocrx_word' id='word_1_368' title='bbox 953 1986 1071 2012; x_wconf 74' lang='lat' dir='ltr'><em>nauibus</em></span> <span class='ocrx_word' id='word_1_369' title='bbox 1097 1986 1208 2013; x_wconf 73' lang='lat' dir='ltr'><em>similia.</em></span> <span class='ocrx_word' id='word_1_370' title='bbox 1242 1986 1356 2020; x_wconf 80' lang='lat' dir='ltr'><em>quidam</em></span> <span class='ocrx_word' id='word_1_371' title='bbox 1375 1994 1458 2020; x_wconf 86' lang='lat' dir='ltr'><em>pocu-</em></span> 
     </span>
     <span class='ocr_line' id='line_1_39' title="bbox 180 2021 1459 2059; baseline -0.003 -8"><span class='ocrx_word' id='word_1_372' title='bbox 180 2025 239 2051; x_wconf 88' lang='lat' dir='ltr'><em>lum</em></span> <span class='ocrx_word' id='word_1_373' title='bbox 266 2025 389 2059; x_wconf 85' lang='lat' dir='ltr'><em>ligneum</em></span> <span class='ocrx_word' id='word_1_374' title='bbox 416 2034 449 2051; x_wconf 84' lang='lat' dir='ltr'><em>ex</em></span> <span class='ocrx_word' id='word_1_375' title='bbox 473 2024 557 2050; x_wconf 81' lang='lat' dir='ltr'><em>edera</em></span> <span class='ocrx_word' id='word_1_376' title='bbox 579 2024 685 2050; x_wconf 76' lang='lat' dir='ltr'><em>factum</em></span> <span class='ocrx_word' id='word_1_377' title='bbox 710 2023 783 2057; x_wconf 89' lang='lat' dir='ltr'><em>quod</em></span> <span class='ocrx_word' id='word_1_378' title='bbox 807 2023 904 2049; x_wconf 78' lang='lat' dir='ltr'><em>dieunt</em></span> <span class='ocrx_word' id='word_1_379' title='bbox 928 2021 1079 2049; x_wconf 81' lang='lat' dir='ltr'><em>eissubium</em></span> <span class='ocrx_word' id='word_1_380' title='bbox 1104 2024 1133 2048; x_wconf 75' lang='lat' dir='ltr'><em>et</em></span> <span class='ocrx_word' id='word_1_381' title='bbox 1155 2021 1220 2048; x_wconf 84' lang='lat' dir='ltr'><em>inde</em></span> <span class='ocrx_word' id='word_1_382' title='bbox 1244 2030 1293 2055; x_wconf 90' lang='lat' dir='ltr'><em>per</em></span> <span class='ocrx_word' id='word_1_383' title='bbox 1316 2021 1459 2055; x_wconf 82' lang='lat' dir='ltr'><em>sincopam</em></span> 
     </span>
     <span class='ocr_line' id='line_1_40' title="bbox 180 2057 1459 2093; baseline -0.003 -7"><span class='ocrx_word' id='word_1_384' title='bbox 180 2060 294 2087; x_wconf 81' lang='lat' dir='ltr'><em>dietum.</em></span> <span class='ocrx_word' id='word_1_385' title='bbox 324 2061 357 2093; x_wconf 74' lang='lat' dir='ltr'><em>cfi</em></span> <span class='ocrx_word' id='word_1_386' title='bbox 379 2061 504 2087; x_wconf 79' lang='lat' dir='ltr'><em>Macrob.</em></span> <span class='ocrx_word' id='word_1_387' title='bbox 525 2060 582 2087; x_wconf 79' lang='lat' dir='ltr'><em>Sat.</em></span> <span class='ocrx_word' id='word_1_388' title='bbox 603 2059 627 2085; x_wconf 90' lang='lat' dir='ltr'>V</span> <span class='ocrx_word' id='word_1_389' title='bbox 646 2062 690 2091; x_wconf 86' lang='grc'><em>21,</em></span> <span class='ocrx_word' id='word_1_390' title='bbox 710 2062 724 2085; x_wconf 87' lang='grc'>7</span> <span class='ocrx_word' id='word_1_391' title='bbox 739 2067 792 2092; x_wconf 87' lang='lat' dir='ltr'><em>sqq.</em></span> <span class='ocrx_word' id='word_1_392' title='bbox 808 2059 817 2091; x_wconf 83' lang='grc' dir='ltr'><em>ΙΙ</em></span> <span class='ocrx_word' id='word_1_393' title='bbox 837 2058 965 2093; x_wconf 80' lang='lat' dir='ltr'><em>cymbae]</em></span> <span class='ocrx_word' id='word_1_394' title='bbox 985 2057 1065 2083; x_wconf 80' lang='lat' dir='ltr'><em>nauis</em></span> <span class='ocrx_word' id='word_1_395' title='bbox 1084 2066 1159 2091; x_wconf 84' lang='lat' dir='ltr'><em>supr.</em></span> <span class='ocrx_word' id='word_1_396' title='bbox 1179 2065 1245 2083; x_wconf 80' lang='lat' dir='ltr'><em>vers.</em></span> <span class='ocrx_word' id='word_1_397' title='bbox 1265 2057 1328 2083; x_wconf 76' lang='lat' dir='ltr'><em>aad.</em></span> <span class='ocrx_word' id='word_1_398' title='bbox 1349 2057 1410 2090; x_wconf 73' lang='lat'><em>1116</em></span> <span class='ocrx_word' id='word_1_399' title='bbox 1424 2057 1459 2083; x_wconf 81' lang='lat' dir='ltr'><em>-id</em></span> 
     </span>
     <span class='ocr_line' id='line_1_41' title="bbox 180 2092 1459 2129; baseline -0.004 -6"><span class='ocrx_word' id='word_1_400' title='bbox 180 2097 224 2122; x_wconf 79' lang='lat' dir='ltr'><em>est</em></span> <span class='ocrx_word' id='word_1_401' title='bbox 248 2096 282 2122; x_wconf 85' lang='lat' dir='ltr'><em>de</em></span> <span class='ocrx_word' id='word_1_402' title='bbox 307 2096 428 2122; x_wconf 76' lang='lat' dir='ltr'><em>victimis</em></span> <span class='ocrx_word' id='word_1_403' title='bbox 453 2095 556 2129; x_wconf 79' lang='lat' dir='ltr'><em>sumpti</em></span> <span class='ocrx_word' id='word_1_404' title='bbox 577 2116 582 2121; x_wconf 85' lang='lat'><em>.</em></span> <span class='ocrx_word' id='word_1_405' title='bbox 604 2116 609 2121; x_wconf 92' lang='lat'><em>.</em></span> <span class='ocrx_word' id='word_1_406' title='bbox 631 2115 636 2120; x_wconf 95' lang='lat'><em>.</em></span> <span class='ocrx_word' id='word_1_407' title='bbox 656 2094 724 2121; x_wconf 76' lang='lat' dir='ltr'><strong>iacit</strong></span> <span class='ocrx_word' id='word_1_408' title='bbox 748 2095 829 2120; x_wconf 67' lang='lat' dir='ltr'><em>flores</em></span> <span class='ocrx_word' id='word_1_409' title='bbox 852 2095 884 2120; x_wconf 81' lang='lat' dir='ltr'><em>in</em></span> <span class='ocrx_word' id='word_1_410' title='bbox 902 2101 986 2127; x_wconf 71' lang='lat' dir='ltr'><em>mai-y.</em></span> <span class='ocrx_word' id='word_1_411' title='bbox 1007 2093 1067 2119; x_wconf 79' lang='lat' dir='ltr'><em>hab.</em></span> <span class='ocrx_word' id='word_1_412' title='bbox 1091 2093 1116 2118; x_wconf 88' lang='lat' dir='ltr'><em>T</em></span> <span class='ocrx_word' id='word_1_413' title='bbox 1141 2093 1151 2126; x_wconf 82' lang='grc' dir='ltr'><em>ΙΙ</em></span> <span class='ocrx_word' id='word_1_414' title='bbox 1179 2096 1193 2119; x_wconf 79' lang='grc'>7</span> <span class='ocrx_word' id='word_1_415' title='bbox 1213 2092 1319 2119; x_wconf 72' lang='lat' dir='ltr'><em>mentio</em></span> <span class='ocrx_word' id='word_1_416' title='bbox 1338 2100 1387 2118; x_wconf 87' lang='lat' dir='ltr'><em>om.</em></span> <span class='ocrx_word' id='word_1_417' title='bbox 1411 2092 1435 2118; x_wconf 89' lang='grc' dir='ltr'><em>Τ</em></span> <span class='ocrx_word' id='word_1_418' title='bbox 1451 2093 1459 2127; x_wconf 54' lang='grc' dir='ltr'>Μ</span> 
     </span>
     <span class='ocr_line' id='line_1_42' title="bbox 182 2128 1459 2163; baseline -0.004 -5"><span class='ocrx_word' id='word_1_419' title='bbox 182 2133 198 2157; x_wconf 92' lang='grc'>8</span> <span class='ocrx_word' id='word_1_420' title='bbox 216 2131 306 2158; x_wconf 81' lang='lat' dir='ltr'><em>Varro</em></span> <span class='ocrx_word' id='word_1_421' title='bbox 326 2152 331 2158; x_wconf 94' lang='lat'><em>.</em></span> <span class='ocrx_word' id='word_1_422' title='bbox 353 2153 358 2158; x_wconf 94' lang='lat'><em>.</em></span> <span class='ocrx_word' id='word_1_423' title='bbox 381 2152 387 2157; x_wconf 92' lang='lat'><em>.</em></span> <span class='ocrx_word' id='word_1_424' title='bbox 406 2131 475 2158; x_wconf 78' lang='lat' dir='ltr'><em>iacit</em></span> <span class='ocrx_word' id='word_1_425' title='bbox 493 2131 573 2157; x_wconf 87' lang='lat' dir='ltr'><em>flores</em></span> <span class='ocrx_word' id='word_1_426' title='bbox 593 2131 653 2156; x_wconf 85' lang='lat' dir='ltr'><em>hab.</em></span> <span class='ocrx_word' id='word_1_427' title='bbox 674 2130 796 2156; x_wconf 79' lang='lat' dir='ltr'><em>Ambros.</em></span> <span class='ocrx_word' id='word_1_428' title='bbox 811 2130 821 2163; x_wconf 82' lang='grc' dir='ltr'><em>ΙΙ</em></span> <span class='ocrx_word' id='word_1_429' title='bbox 835 2138 945 2163; x_wconf 89' lang='lat' dir='ltr'><em>quoque</em></span> <span class='ocrx_word' id='word_1_430' title='bbox 965 2137 1014 2155; x_wconf 85' lang='lat' dir='ltr'><em>om.</em></span> <span class='ocrx_word' id='word_1_431' title='bbox 1034 2129 1126 2154; x_wconf 75' lang='lat' dir='ltr'><em>Ambr.</em></span> <span class='ocrx_word' id='word_1_432' title='bbox 1142 2130 1181 2162; x_wconf 78' lang='grc'><em>119</em></span> <span class='ocrx_word' id='word_1_433' title='bbox 1201 2128 1395 2155; x_wconf 74' lang='lat' dir='ltr'><em>satisfacerent</em></span> <span class='ocrx_word' id='word_1_434' title='bbox 1417 2128 1459 2161; x_wconf 49' lang='grc' dir='ltr'><em>Τῇζ</em></span> 
     </span>
     <span class='ocr_line' id='line_1_43' title="bbox 183 2164 1460 2201; baseline -0.003 -8"><span class='ocrx_word' id='word_1_435' title='bbox 183 2170 215 2193; x_wconf 94' lang='grc'><em>10</em></span> <span class='ocrx_word' id='word_1_436' title='bbox 235 2167 264 2193; x_wconf 66' lang='lat' dir='ltr'><em>efi</em></span> <span class='ocrx_word' id='word_1_437' title='bbox 281 2175 331 2194; x_wconf 86' lang='lat' dir='ltr'><em>om.</em></span> <span class='ocrx_word' id='word_1_438' title='bbox 346 2167 441 2193; x_wconf 78' lang='lat' dir='ltr'><em>Ambr.</em></span> <span class='ocrx_word' id='word_1_439' title='bbox 456 2168 465 2201; x_wconf 81' lang='lat' dir='ltr'>ss</span> <span class='ocrx_word' id='word_1_440' title='bbox 480 2166 631 2193; x_wconf 72' lang='lat' dir='ltr'><em>caedentur</em></span> <span class='ocrx_word' id='word_1_441' title='bbox 644 2166 737 2192; x_wconf 82' lang='lat' dir='ltr'><em>Ambr.</em></span> <span class='ocrx_word' id='word_1_442' title='bbox 753 2167 762 2199; x_wconf 80' lang='grc' dir='ltr'><em>ΙΙ</em></span> <span class='ocrx_word' id='word_1_443' title='bbox 779 2169 809 2191; x_wconf 88' lang='grc'><em>12</em></span> <span class='ocrx_word' id='word_1_444' title='bbox 825 2165 924 2199; x_wconf 79' lang='lat' dir='ltr'><em>nepos]</em></span> <span class='ocrx_word' id='word_1_445' title='bbox 944 2172 1029 2191; x_wconf 83' lang='lat' dir='ltr'><em>nexos</em></span> <span class='ocrx_word' id='word_1_446' title='bbox 1044 2164 1139 2191; x_wconf 79' lang='lat' dir='ltr'><em>Ambr.</em></span> <span class='ocrx_word' id='word_1_447' title='bbox 1153 2165 1163 2197; x_wconf 82' lang='grc' dir='ltr'><em>ΙΙ</em></span> <span class='ocrx_word' id='word_1_448' title='bbox 1179 2167 1210 2190; x_wconf 88' lang='lat'><em>15</em></span> <span class='ocrx_word' id='word_1_449' title='bbox 1226 2164 1266 2198; x_wconf 76' lang='lat' dir='ltr'><em>et]</em></span> <span class='ocrx_word' id='word_1_450' title='bbox 1281 2164 1327 2190; x_wconf 87' lang='lat' dir='ltr'><em>uel</em></span> <span class='ocrx_word' id='word_1_451' title='bbox 1342 2164 1436 2189; x_wconf 85' lang='lat' dir='ltr'><em>Ambr.</em></span> <span class='ocrx_word' id='word_1_452' title='bbox 1451 2165 1460 2197; x_wconf 57' lang='lat' dir='ltr'><em>{j</em></span> 
     </span>
     <span class='ocr_line' id='line_1_44' title="bbox 181 2199 1458 2235; baseline -0.004 -6"><span class='ocrx_word' id='word_1_453' title='bbox 181 2201 308 2229; x_wconf 82' lang='lat' dir='ltr'><em>homines</em></span> <span class='ocrx_word' id='word_1_454' title='bbox 326 2202 373 2228; x_wconf 89' lang='lat' dir='ltr'><em>uel</em></span> <span class='ocrx_word' id='word_1_455' title='bbox 390 2202 520 2229; x_wconf 76' lang='lat' dir='ltr'><em>uictimas</em></span> <span class='ocrx_word' id='word_1_456' title='bbox 543 2202 568 2227; x_wconf 84' lang='lat' dir='ltr'><em>T</em></span> <span class='ocrx_word' id='word_1_457' title='bbox 578 2203 587 2235; x_wconf 84' lang='grc' dir='ltr'><em>ΙΙ</em></span> <span class='ocrx_word' id='word_1_458' title='bbox 603 2205 635 2227; x_wconf 79' lang='grc'><strong>16</strong></span> <span class='ocrx_word' id='word_1_459' title='bbox 655 2203 683 2228; x_wconf 76' lang='lat' dir='ltr'><em>et</em></span> <span class='ocrx_word' id='word_1_460' title='bbox 702 2201 762 2235; x_wconf 81' lang='lat' dir='ltr'><em>ipse</em></span> <span class='ocrx_word' id='word_1_461' title='bbox 781 2209 823 2227; x_wconf 86' lang='lat' dir='ltr'><em>om</em></span> <span class='ocrx_word' id='word_1_462' title='bbox 842 2201 936 2227; x_wconf 79' lang='lat' dir='ltr'><em>Ambr.</em></span> <span class='ocrx_word' id='word_1_463' title='bbox 951 2201 960 2234; x_wconf 85' lang='grc' dir='ltr'><em>ΙΙ</em></span> <span class='ocrx_word' id='word_1_464' title='bbox 976 2202 1007 2226; x_wconf 91' lang='grc'><em>18</em></span> <span class='ocrx_word' id='word_1_465' title='bbox 1028 2199 1198 2226; x_wconf 79' lang='lat' dir='ltr'><em>adescendas</em></span> <span class='ocrx_word' id='word_1_466' title='bbox 1218 2199 1254 2232; x_wconf 85' lang='lat' dir='ltr'><em>F,</em></span> <span class='ocrx_word' id='word_1_467' title='bbox 1274 2200 1360 2232; x_wconf 78' lang='lat' dir='ltr'><em>recepi</em></span> <span class='ocrx_word' id='word_1_468' title='bbox 1375 2207 1458 2224; x_wconf 80' lang='lat' dir='ltr'><em>emen-</em></span> 
     </span>
     <span class='ocr_line' id='line_1_45' title="bbox 180 2234 1459 2264; baseline -0.004 0"><span class='ocrx_word' id='word_1_469' title='bbox 180 2238 317 2264; x_wconf 78' lang='lat' dir='ltr'><em>dationem</em></span> <span class='ocrx_word' id='word_1_470' title='bbox 340 2247 358 2264; x_wconf 87' lang='lat' dir='ltr'><em>a</em></span> <span class='ocrx_word' id='word_1_471' title='bbox 381 2237 546 2264; x_wconf 70' lang='lat' dir='ltr'><em>Bur-manno</em></span> <span class='ocrx_word' id='word_1_472' title='bbox 569 2239 807 2263; x_wconf 79' lang='lat' dir='ltr'><em>commemoratam.</em></span> <span class='ocrx_word' id='word_1_473' title='bbox 846 2235 1056 2262; x_wconf 53' lang='lat' dir='ltr'><em>satisfaciendae</em></span> <span class='ocrx_word' id='word_1_474' title='bbox 1080 2236 1121 2262; x_wconf 87' lang='lat' dir='ltr'><em>vel</em></span> <span class='ocrx_word' id='word_1_475' title='bbox 1143 2234 1304 2261; x_wconf 59' lang='lat' dir='ltr'><em>assisssentes</em></span> <span class='ocrx_word' id='word_1_476' title='bbox 1323 2234 1459 2260; x_wconf 72' lang='lat' dir='ltr'><em>Bartlzius</em></span> 
     </span>
     <span class='ocr_line' id='line_1_46' title="bbox 181 2269 1458 2300; baseline -0.003 -1"><span class='ocrx_word' id='word_1_477' title='bbox 181 2273 219 2299; x_wconf 81' lang='lat' dir='ltr'><em>ad</em></span> <span class='ocrx_word' id='word_1_478' title='bbox 232 2272 302 2299; x_wconf 80' lang='lat' dir='ltr'><em>Stat.</em></span> <span class='ocrx_word' id='word_1_479' title='bbox 321 2273 400 2300; x_wconf 81' lang='lat' dir='ltr'><em>Theb.</em></span> <span class='ocrx_word' id='word_1_480' title='bbox 421 2273 444 2299; x_wconf 91' lang='lat' dir='ltr'><strong>V</strong></span> <span class='ocrx_word' id='word_1_481' title='bbox 464 2277 514 2299; x_wconf 80' lang='lat'><em>315</em></span> <span class='ocrx_word' id='word_1_482' title='bbox 536 2272 733 2299; x_wconf 76' lang='lat' dir='ltr'><em>adolescendas</em></span> <span class='ocrx_word' id='word_1_483' title='bbox 748 2272 827 2299; x_wconf 84' lang='lat' dir='ltr'><em>Gerh.</em></span> <span class='ocrx_word' id='word_1_484' title='bbox 850 2272 960 2298; x_wconf 85' lang='lat' dir='ltr'><em>Vossius</em></span> <span class='ocrx_word' id='word_1_485' title='bbox 978 2270 1140 2297; x_wconf 76' lang='lat' dir='ltr'><em>inescandas</em></span> <span class='ocrx_word' id='word_1_486' title='bbox 1159 2271 1200 2297; x_wconf 79' lang='lat' dir='ltr'><em>vel</em></span> <span class='ocrx_word' id='word_1_487' title='bbox 1218 2270 1369 2297; x_wconf 82' lang='lat' dir='ltr'><em>eliciendas</em></span> <span class='ocrx_word' id='word_1_488' title='bbox 1384 2269 1458 2295; x_wconf 86' lang='lat' dir='ltr'><em>Bur-</em></span> 
     </span>
     <span class='ocr_line' id='line_1_47' title="bbox 181 2305 1457 2343; baseline -0.004 -8"><span class='ocrx_word' id='word_1_489' title='bbox 181 2317 300 2335; x_wconf 78' lang='lat' dir='ltr'><em>mannus</em></span> <span class='ocrx_word' id='word_1_490' title='bbox 321 2310 332 2343; x_wconf 80' lang='grc' dir='ltr'><em>ΙΙ</em></span> <span class='ocrx_word' id='word_1_491' title='bbox 352 2312 384 2335; x_wconf 84' lang='grc'><strong>19</strong></span> <span class='ocrx_word' id='word_1_492' title='bbox 404 2309 571 2336; x_wconf 76' lang='lat' dir='ltr'><em>misserunt</em></span> <span class='ocrx_word' id='word_1_493' title='bbox 590 2307 621 2334; x_wconf 85' lang='lat' dir='ltr'><strong><em>F</em></strong></span> <span class='ocrx_word' id='word_1_494' title='bbox 640 2308 650 2342; x_wconf 85' lang='grc' dir='ltr'><em>ΙΙ</em></span> <span class='ocrx_word' id='word_1_495' title='bbox 673 2311 706 2334; x_wconf 89' lang='grc'><strong>20</strong></span> <span class='ocrx_word' id='word_1_496' title='bbox 726 2316 879 2342; x_wconf 82' lang='lat' dir='ltr'><em>exsangues</em></span> <span class='ocrx_word' id='word_1_497' title='bbox 900 2307 1068 2333; x_wconf 74' lang='lat' dir='ltr'><em>Masvicius:</em></span> <span class='ocrx_word' id='word_1_498' title='bbox 1087 2308 1115 2332; x_wconf 71' lang='lat' dir='ltr'><em>et</em></span> <span class='ocrx_word' id='word_1_499' title='bbox 1134 2306 1283 2340; x_wconf 81' lang='lat' dir='ltr'><em>sanguines</em></span> <span class='ocrx_word' id='word_1_500' title='bbox 1304 2305 1334 2330; x_wconf 60' lang='lat'><em>1³</em></span> <span class='ocrx_word' id='word_1_501' title='bbox 1360 2313 1457 2331; x_wconf 63' lang='lat' dir='ltr'><em>exsan-</em></span> 
     </span>
     <span class='ocr_line' id='line_1_48' title="bbox 181 2339 1452 2378; baseline -0.005 -7"><span class='ocrx_word' id='word_1_502' title='bbox 181 2344 280 2378; x_wconf 81' lang='lat' dir='ltr'><em>guines</em></span> <span class='ocrx_word' id='word_1_503' title='bbox 298 2344 403 2371; x_wconf 85' lang='lat' dir='ltr'><em>Daniel</em></span> <span class='ocrx_word' id='word_1_504' title='bbox 425 2347 450 2371; x_wconf 79' lang='lat' dir='ltr'><em>et</em></span> <span class='ocrx_word' id='word_1_505' title='bbox 469 2344 650 2371; x_wconf 79' lang='lat' dir='ltr'><em>Gommelinus</em></span> <span class='ocrx_word' id='word_1_506' title='bbox 670 2345 679 2378; x_wconf 87' lang='grc' dir='ltr'><em>ΙΙ</em></span> <span class='ocrx_word' id='word_1_507' title='bbox 701 2347 733 2370; x_wconf 88' lang='grc'><em>21</em></span> <span class='ocrx_word' id='word_1_508' title='bbox 753 2342 961 2370; x_wconf 75' lang='lat' dir='ltr'><em>nethromantia</em></span> <span class='ocrx_word' id='word_1_509' title='bbox 980 2342 1010 2368; x_wconf 83' lang='lat' dir='ltr'><strong><em>F</em></strong></span> <span class='ocrx_word' id='word_1_510' title='bbox 1029 2342 1039 2375; x_wconf 76' lang='lat' dir='ltr'><em>u</em></span> <span class='ocrx_word' id='word_1_511' title='bbox 1062 2345 1096 2368; x_wconf 77' lang='lat'><em>24</em></span> <span class='ocrx_word' id='word_1_512' title='bbox 1115 2350 1181 2375; x_wconf 86' lang='lat' dir='ltr'><em>ergo</em></span> <span class='ocrx_word' id='word_1_513' title='bbox 1200 2342 1312 2375; x_wconf 75' lang='lat' dir='ltr'><em>scripsi:</em></span> <span class='ocrx_word' id='word_1_514' title='bbox 1331 2349 1384 2374; x_wconf 82' lang='lat' dir='ltr'><em>ego</em></span> <span class='ocrx_word' id='word_1_515' title='bbox 1405 2339 1435 2366; x_wconf 82' lang='lat' dir='ltr'><em>F</em></span> <span class='ocrx_word' id='word_1_516' title='bbox 1451 2343 1452 2346; x_wconf 78' lang='grc'>’</span> 
     </span>
     <span class='ocr_line' id='line_1_49' title="bbox 182 2379 657 2414; baseline -0.002 -8"><span class='ocrx_word' id='word_1_517' title='bbox 182 2382 216 2406; x_wconf 82' lang='grc'><strong>25</strong></span> <span class='ocrx_word' id='word_1_518' title='bbox 235 2379 345 2406; x_wconf 75' lang='lat' dir='ltr'><em>animae</em></span> <span class='ocrx_word' id='word_1_519' title='bbox 365 2380 397 2406; x_wconf 88' lang='grc' dir='ltr'><em>ΙΙ</em></span> <span class='ocrx_word' id='word_1_520' title='bbox 407 2380 417 2413; x_wconf 85' lang='grc' dir='ltr'><em>ΙΙ</em></span> <span class='ocrx_word' id='word_1_521' title='bbox 432 2383 464 2406; x_wconf 81' lang='grc'><strong>26</strong></span> <span class='ocrx_word' id='word_1_522' title='bbox 484 2379 606 2414; x_wconf 76' lang='lat' dir='ltr'><em>corporis</em></span> <span class='ocrx_word' id='word_1_523' title='bbox 627 2379 657 2405; x_wconf 84' lang='lat' dir='ltr'><em>F</em></span> 
     </span>
    </p>
   </div>
   <div class='ocr_carea' id='block_1_10' title="bbox 1481 723 1512 745">
    <p class='ocr_par' dir='ltr' id='par_1_14' title="bbox 1481 723 1512 745">
     <span class='ocr_line' id='line_1_50' title="bbox 1481 723 1512 745; baseline 0 0"><span class='ocrx_word' id='word_1_524' title='bbox 1481 723 1512 745; x_wconf 91' lang='lat'><em>10</em></span> 
     </span>
    </p>
   </div>
   <div class='ocr_carea' id='block_1_11' title="bbox 1482 989 1512 1012">
    <p class='ocr_par' dir='ltr' id='par_1_15' title="bbox 1482 989 1512 1012">
     <span class='ocr_line' id='line_1_51' title="bbox 1482 989 1512 1012; baseline 0.033 -1"><span class='ocrx_word' id='word_1_525' title='bbox 1482 989 1512 1012; x_wconf 82' lang='lat'><em>15</em></span> 
     </span>
    </p>
   </div>
   <div class='ocr_carea' id='block_1_12' title="bbox 1479 1522 1512 1546">
    <p class='ocr_par' dir='ltr' id='par_1_16' title="bbox 1479 1522 1512 1546">
     <span class='ocr_line' id='line_1_52' title="bbox 1479 1522 1512 1546; baseline 0.03 -1"><span class='ocrx_word' id='word_1_526' title='bbox 1479 1522 1512 1546; x_wconf 80' lang='lat'><em>25</em></span> 
     </span>
    </p>
   </div>
  </div>
 </body>
</html>
