1722 2670
318 159 382 191 338
472 145 473 148 ¹
893 159 1015 187 SERvn

316 244 455 282 excqwtus
488 241 691 282 liberamque
718 243 774 282 est,
806 241 968 283 Lyeuryns
994 243 1068 274 vices
1094 242 1159 274 eius
1185 245 1349 282 amputare
1374 242 1493 283 coepit:⁴
1518 252 1597 284 quo—

310 297 438 336 propter
454 306 514 337 per
534 295 672 335 furorem
694 305 715 327 a
737 295 799 328 diis
821 296 987 328 inmissum
1009 296 1074 337 ipse
1091 296 1152 328 sibi
1168 306 1262 327 crura
1279 295 1440 328 smidist
1509 304 1596 331 moc-

316 357 411 380 NATA
434 348 642 390 participium
665 351 709 380 est
731 348 801 380 sine
824 349 916 381 verbi
939 349 1073 391 origine.

407 402 455 434 15.
492 410 684 434 nosrrrlvn
708 411 893 440 ANTIQVVM
924 407 980 434 aut
1010 413 1134 444 carum,
1163 404 1221 435 aut
1248 413 1282 434 re
1311 413 1388 435 vera
1416 404 1596 446 antiquum.

279 462 295 486 5
314 466 390 487 nam
421 456 516 487 tauta
548 455 633 487 inter
666 455 755 496 ipsos
788 455 998 488 familiaritas
1030 455 1106 497 fuit,
1143 457 1180 488 ut
1211 455 1329 498 Ilione,
1364 456 1433 488 filia
1464 455 1597 500 Priami,

314 508 531 551 Polymestori
560 509 697 540 nuberet
724 508 887 541 Thracum
915 509 995 550 regi.
1092 522 1225 546 socnam:
1244 523 1374 542 PENATES
1399 510 1445 543 vel
1465 513 1597 553 ¹proptor

313 572 411 603 supra
433 563 548 594 dictam
571 563 812 595 coniunctionem
831 563 955 595 Ilionae
977 565 1006 595 et
1019 563 1244 604 Polymestoris,
1266 564 1312 596 vel
1329 565 1405 605 quia
1422 574 1492 597 cum
1510 564 1597 597 omi

313 615 478 647 hereditate
505 616 661 647 maiorum
689 616 859 647 diviserant
884 617 978 648 etiam
1005 617 1075 649 deos
1091 619 1219 658 penates
1242 616 1416 650 Dardanus
1438 619 1468 650 et
1487 617 1596 650 Iasius

312 670 436 710 fratres,
459 679 590 710 quorum
612 669 691 700 alter
716 669 895 710 Thraciam,
919 670 998 701 alter
1020 669 1192 711 Phryyv'am
1216 671 1343 703 incoluit
1363 673 1550 712 ocetapom

262 729 294 752 10
406 723 454 754 16.
493 731 567 753 nvn
593 731 758 754 FORTVNA
784 731 865 755 rvrr
889 722 1012 755 scilicet
1035 723 1131 755 bona.
1168 726 1201 755 et
1219 723 1318 756 simul
1336 723 1481 761 ostendit
1497 723 1595 757 fidem

314 787 384 808 cum
418 776 574 807 felicitate
606 775 750 807 deficere.
791 787 868 808 sane
901 776 1079 818 sciendum,
1112 776 1400 819 quotienscumque
1427 777 1594 813 forium

313 830 417 861 solam
441 829 588 870 dicimus,
611 829 801 861 felicitatem
824 830 985 872 intellegi:
1009 830 1092 862 unde
1117 832 1149 862 et
1171 829 1357 863 fortunatos
1376 832 1506 864 tantum
1522 830 1594 865 feli-

313 894 375 924 ces,
398 886 432 915 et
456 883 673 914 infortunatos
697 882 786 914 solos
810 882 956 915 infelices
980 894 1143 916 vocamus.
1229 892 1359 916 LlTORE
1383 892 1501 919 cvnvo
1522 895 1593 928 pet-

313 939 444 977 petuum
473 936 643 977 epitheton
670 936 801 968 litorum
827 939 889 969 est:
922 948 997 968 nam
1021 937 1106 979 quod
1129 937 1163 969 in
1186 939 1277 970 sexto
1301 937 1409 979 (900)
1430 937 1481 971 ait
1501 940 1594 972 tuna

260 996 292 1019 15
313 1000 352 1020 se
377 989 419 1020 ad
441 988 600 1021 Caietae
624 991 730 1021 recto
754 990 831 1022 fert
847 989 972 1022 litore
992 992 1144 1031 portum
1165 990 1327 1032 siguificat
1346 1001 1420 1024 eum
1437 991 1486 1025 it·
1502 991 1593 1025 navi·

312 1053 421 1083 gasse,
451 1045 486 1074 ut
514 1054 579 1075 uon
603 1043 803 1085 relinqueret
826 1044 915 1075 litus.
1005 1052 1112 1075 rmus
1136 1052 1229 1076 Loco
1253 1044 1330 1086 quia
1353 1044 1438 1087 apud
1461 1043 1611 1079 cretam

312 1096 378 1128 alia
409 1096 496 1128 feeit.
542 1096 637 1129 modo
671 1099 779 1129 autem
812 1097 937 1129 Aenum
971 1097 1147 1139 siguificat,
1179 1100 1216 1129 ut
1244 1097 1419 1131 Sallustius
1446 1098 1593 1133 Aenum

312 1152 349 1181 et
373 1149 591 1182 Maroneam
623 1150 800 1192 viamque
829 1150 1048 1182 militarem.
1095 1161 1291 1192 quamquam
1315 1151 1476 1184 Homerus
1504 1151 1594 1186 ‹lie-t

383 1259 415 1282 17
436 1255 597 1290 Sallustius]
618 1255 717 1290 fragm.
738 1256 790 1282 inc.
811 1259 844 1282 38
860 1256 906 1283 Kr.
925 1258 935 1290 ΙΙ
955 1258 987 1282 18
1007 1256 1156 1291 Homerus]
1178 1256 1208 1283 Il.
1230 1256 1266 1283 lv
1285 1259 1338 1284 520

383 1357 396 1381 1
418 1354 607 1387 liberatusque
622 1362 672 1381 om.
686 1354 731 1388 ΤΙΙ
746 1354 817 1381 uites
832 1362 865 1381 ex
879 1355 959 1381 uates
972 1354 998 1380 T
1008 1355 1019 1389 Ι
1033 1357 1048 1381 2
1065 1354 1228 1388 Maenadas,
1243 1355 1292 1388 qui
1305 1355 1336 1381 in
1350 1355 1511 1383 edendi-vu
1472 1355 1485 1382 ι’

312 1390 345 1417 de
358 1390 487 1424 Lycurgo
506 1390 639 1416 adnotata
658 1392 724 1416 sunt
743 1398 803 1416 cum
813 1390 931 1416 Daniele
941 1389 1147 1417 Floriacensem
1165 1392 1273 1417 secutus
1291 1393 1329 1417 eat
1341 1392 1403 1424 post
1416 1389 1492 1424 quod
1483 1354 1593 1419 ὕσῃ

310 1426 345 1452 de
364 1425 553 1452 Demosthene
573 1425 679 1452 dictum
699 1427 742 1452 est
760 1426 825 1452 haec
843 1426 953 1453 addidit
971 1425 1027 1452 Alii
1047 1425 1087 1452 sic
1105 1425 1236 1452 referunt
1264 1425 1319 1452 fuit
1332 1425 1476 1460 Lycurgus

312 1461 373 1488 cine
390 1470 448 1495 rex,
466 1460 540 1487 filius
556 1460 699 1495 Dryantis:
719 1461 767 1495 qui
781 1461 856 1494 quod
870 1461 994 1488 Thraces
1007 1460 1191 1488 immoderate
1206 1461 1271 1488 vino
1285 1461 1395 1488 deditos
1408 1433 1554 1497 compsisset
1475 1425 1591 1526 ΜΝΞ

311 1497 383 1523 vites
402 1504 497 1524 omnes
515 1498 576 1523 toto
596 1505 682 1531 regno
702 1496 792 1524 excidi
810 1496 900 1530 iussit,
920 1498 952 1523 ut
972 1496 1070 1523 scribit
1083 1495 1250 1523 Plutarchus
1265 1505 1298 1524 eo
1311 1496 1340 1523 iu
1355 1495 1496 1538 opusculo,
1514 1505 1553 1532 qu

311 1533 346 1559 de
364 1535 511 1567 poetarum
530 1532 655 1559 utilitate
675 1532 841 1566 conscripsit
859 1533 901 1563 (de
919 1533 985 1559 oud.
1000 1534 1071 1566 pout
1094 1533 1127 1566 1).
1160 1532 1226 1559 hinc
1245 1532 1327 1559 datus
1345 1534 1390 1559 est
1407 1532 1498 1568 poetis
1511 1531 1591 1560 loom

311 1567 436 1595 fabulae:
465 1568 506 1601 Ly
488 1576 623 1602 ycurgum
651 1567 831 1594 infestissimo
853 1568 996 1594 Bacchum
1022 1568 1086 1594 odio
1110 1568 1289 1602 prosecutum
1313 1576 1372 1595 esse
1395 1568 1481 1602 adeo,
1507 1569 1540 1595 nt
1560 1569 1592 1597 ot

311 1603 434 1630 nutrices
452 1603 529 1630 illius
548 1603 576 1629 in
592 1603 667 1638 Nysa
687 1603 806 1630 latentes
825 1605 1039 1638 persequeretur
1056 1604 1086 1630 et
1101 1603 1211 1630 Baccho
1229 1603 1284 1642 ipsi
1298 1604 1406 1630 tantum
1421 1589 1558 1631 terrori·
1549 1612 1591 1631 ui·
1622 1614 1627 1633 ·,

311 1638 438 1680 canerit,
457 1640 489 1665 ut
507 1639 656 1673 praecipiti
675 1639 742 1679 suga
760 1639 878 1666 traiecto
897 1639 977 1672 mari,
995 1639 1025 1666 in
1043 1648 1147 1666 naxum
1166 1647 1195 1666 se
1214 1634 1362 1673 receperit·
1381 1639 1501 1674 ideoque
1514 1638 1590 1668 ium.

309 1674 431 1701 numinis
449 1674 492 1700 ira
511 1674 669 1709 Lycurgum
689 1684 718 1701 ιιι
737 1674 856 1701 furorem
878 1683 1040 1701 conversum
1059 1675 1096 1707 ct,
1115 1683 1178 1701 cum
1198 1674 1270 1702 vites
1289 1683 1408 1709 quoque,
1427 1683 1463 1702 ne
1477 1674 1590 1703 Baccho

309 1710 506 1744 inposterum
529 1711 677 1742 libaretur,
701 1710 829 1737 excidere
847 1710 947 1743 vellet⁷
971 1710 1055 1737 tibias
1074 1695 1127 1737 sibi
1146 1709 1303 1737 succidisse.
1326 1711 1336 1744 fl
1358 1714 1375 1737 4
1393 1719 1514 1740 nmen:
1531 1709 1568 1738 Η
1576 1709 1590 1752 {J
1616 1737 1618 1739 ,

308 1719 436 1779 antipqum
458 1746 481 1771 Ι
488 1745 521 1771 Η
540 1746 700 1780 (antiquum
719 1747 741 1778 1)
758 1746 769 1779 1
791 1749 807 1772 ⁶
827 1745 915 1781 ipsos]
941 1732 1004 1772 illos
1026 1746 1061 1772 M
1078 1746 1088 1780 ΙΙ
1111 1749 1127 1773 6
1146 1745 1342 1780 polymiestori
1359 1745 1390 1772 F
1414 1745 1590 1780 polim-ton

308 1781 375 1807 LH
397 1782 407 1815 Ι
434 1781 573 1807 'lhracum
598 1781 669 1816 regi]
695 1782 740 1808 eni
760 1781 928 1822 Polydorum
952 1781 1041 1808 filium
1060 1781 1187 1808 Priamus
1207 1781 1276 1808 belli
1293 1783 1420 1816 tempore
1414 1753 1587 1816 popu-mlum

309 1816 557 1844 commendaverat
579 1817 710 1844 alendum
733 1817 797 1843 add.
817 1817 846 1843 D
871 1816 915 1843 cui
934 1817 1116 1851 Polydorum,
1142 1816 1231 1843 filium
1249 1825 1284 1843 ex
1301 1816 1434 1850 Hecuba,
1461 1816 1589 1844 Pri-‚mua

308 1853 389 1887 pater
413 1851 495 1879 initio
523 1852 592 1878 belli
621 1852 747 1885 Troiani,
780 1852 934 1879 communis
962 1852 1060 1879 Martis
1091 1852 1208 1879 exitium
1240 1852 1358 1886 veritus,
1390 1860 1454 1879 oum
1485 1859 1589 1887 magno

308 1888 369 1915 auri
392 1888 516 1922 pondere
535 1887 712 1915 educandum
735 1887 867 1921 tradidit
891 1888 1007 1922 antiquo
1025 1888 1145 1923 hospiti,
1164 1888 1255 1915 amico
1273 1889 1304 1915 et
1341 1896 1425 1915 onero
1442 1895 1503 1915 suo.
1538 1887 1589 1915 sed

308 1923 368 1950 illic
385 1923 480 1950 deleta
498 1923 583 1950 Troia
602 1924 758 1957 ceterisque
777 1923 906 1950 omnibus
924 1923 982 1950 fere
1001 1923 1106 1950 Priami
1123 1908 1223 1950 liberis
1241 1923 1301 1950 inte
1343 1923 1407 1956 ctis,
1431 1923 1493 1950 auri
1510 1922 1588 1958 cupi-

308 1958 397 1985 ditate
416 1958 552 1985 adductus
563 1959 732 1993 Polydorum
751 1958 780 1985 in
799 1959 882 1985 litore
901 1959 1069 1994 spatiantem
1088 1958 1153 1986 telis
1167 1959 1332 1994 aggreditur
1345 1960 1375 1986 et
1387 1944 1492 1986 fiustra
1503 1958 1589 1986 fidem

308 1994 424 2021 deorum
451 1994 651 2028 hominumque
675 1994 871 2035 implorantem
891 1994 996 2021 occidit
1014 2003 1150 2029 caesoque
1169 1994 1310 2021 tumulum
1327 1993 1519 2029 superiniecit,
1543 1994 1589 2022 cui

309 2038 504 2064 supercrevere
527 2031 612 2063 myrti
630 2030 762 2064 virgulta..
800 2029 830 2056 id
849 2039 911 2057 cum
931 2031 1021 2057 mater
1039 2030 1156 2057 Hecuba
1173 2029 1371 2062 intellexisset,
1395 2029 1541 2058 simulavit
1556 2037 1589 2058 oe

308 2066 407 2099 ingens
432 2065 523 2092 adhuc
543 2065 603 2091 auri
623 2066 731 2099 pondus
750 2066 823 2092 velle
842 2067 950 2093 secreto
970 2065 1014 2092 illi
1031 2065 1169 2099 indicare,
1197 2066 1273 2099 quod
1291 2074 1342 2100 pro
1361 2065 1420 2092 filio
1438 2065 1588 2101 acciperet

308 2101 383 2134 quod
402 2109 502 2128 avarus
520 2109 569 2127 rex
586 2109 683 2127 verum
702 2101 865 2128 existimans
883 2101 960 2128 illius
980 2101 1119 2136 unguibus
1133 2086 1297 2128 occaecatus
1311 2101 1362 2133 est.
1387 2101 1480 2128 exstat
1491 2101 1588 2128 tmen

308 2138 337 2163 et
360 2136 419 2163 alia
442 2136 476 2163 de
494 2136 564 2170 Poly
565 2136 633 2163 doro
658 2137 766 2163 fabula.
794 2145 895 2171 nempe
915 2136 1035 2164 Graecos
1054 2145 1104 2172 per
1121 2136 1272 2163 'I'htaciam
1290 2131 1433 2163 venientes
1450 2137 1526 2164 huno
1543 2143 1588 2164 ce-

307 2172 390 2206 pisse,
409 2145 564 2199 Priamumy
571 2173 665 2198 autem
679 2180 729 2205 pro
745 2146 937 2206 redemptione
951 2172 1003 2199 filii
1017 2172 1132 2199 Graecis
1151 2171 1262 2198 dedisse
1275 2171 1382 2205 urbem,
1402 2180 1475 2206 quae
1489 2172 1589 2207 postea

308 2208 343 2234 ab
369 2208 470 2234 eventu
488 2207 648 2234 Antandros
667 2207 745 2234 dicta
763 2209 818 2234 est:
843 2216 899 2242 qua
918 2216 1003 2242 accep
1003 2209 1035 2234 ta
1052 2207 1117 2235 illos
1136 2208 1232 2234 tamen
1249 2207 1338 2234 nihilo
1358 2207 1449 2234 minus
1467 2207 1588 2242 Polydo—

307 2252 368 2269 rum
388 2243 530 2277 lapidibus
549 2242 673 2270 obruisse
693 2243 756 2269 add
778 2243 957 2277 Maeviciusfl
971 2217 1003 2270 'lp
1005 2243 1054 2279 pol
1103 2242 1219 2270 aestoris
1238 2242 1289 2277 Fn
1303 2243 1370 2277 quia
1388 2251 1451 2269 cum
1469 2243 1589 2270 Daniel.-

307 2287 426 2311 quacum
445 2278 496 2312 Ffl
514 2282 531 2305 9
544 2278 682 2305 trachiam
699 2277 730 2304 F
741 2279 750 2312 ΙΙ
766 2282 796 2304 11
814 2279 957 2306 sciendum
976 2281 1019 2306 est
1065 2279 1114 2313 Lu
1128 2281 1160 2305 12
1175 2278 1366 2313 intellegimus
1381 2278 1411 2305 F
1414 2279 1424 2305 l
1437 2280 1447 2312 Ι
1460 2278 1568 2307 unde..

307 2322 438 2340 vocamus
456 2322 506 2341 om.
526 2314 557 2340 F
576 2314 586 2348 ΙΙ
616 2317 649 2340 14
668 2323 733 2340 nam
752 2314 853 2348 quod.
897 2314 990 2341 ,litus
1009 2323 1059 2341 om.
1078 2314 1109 2341 F
1133 2314 1143 2347 ΙΙ
1172 2316 1204 2340 15
1224 2287 1331 2341 caiegtae
1350 2314 1390 2340 L.-
1409 2322 1442 2340 (ιιι
1443 2315 1538 2348 getam
1556 2299 1597 2341 'H

307 2349 425 2375 caietam
446 2349 517 2376 ME
532 2350 542 2384 ΙῙ
559 2350 672 2385 portum
691 2358 741 2376 om.
763 2350 799 2376 M
810 2350 820 2384 fl
842 2353 872 2376 16
892 2359 991 2376 uox-:ma
1010 2359 1091 2376 raxam
1110 2350 1140 2376 F
1151 2350 1161 2383 fl
1182 2352 1212 2376 1⁷
1232 2349 1318 2375 aliam
1340 2349 1410 2375 ME
1421 2351 1431 2383 ΙΙ
1446 2350 1477 2376 ut
1495 2349 1587 2377 Sallu-

307 2384 375 2410 stius
396 2407 400 2411 .
422 2406 428 2411 .
449 2407 454 2412 .
474 2385 613 2437 portanda
630 2393 673 2412 om
691 2385 722 2411 F
733 2386 743 2419 ΙῙ
762 2387 795 2411 18
813 2393 987 2411 marroneam
1007 2385 1033 2411 L
1059 2385 1202 2412 maronem
1222 2384 1252 2410 Ε
1268 2387 1347 2418 (corr
1367 2386 1391 2419 e)
