1630 2684
480 159 594 188 OOMM.
614 159 653 186 IN
673 159 780 186 VERG.
802 160 886 186 AEN.
907 161 926 187 I.
948 164 1097 188 506—518.
1375 162 1437 192 159

149 241 230 273 iuris
253 243 304 273 est
327 241 463 282 species:
486 252 551 273 non
574 243 624 273 est
648 251 725 282 ergo
750 241 891 273 iteratio.
929 244 956 273 et
979 242 1049 274 bene
1069 242 1210 281 “dabat’;
1228 244 1329 284 primi
1352 244 1435 275 enim

150 295 244 327 Locri
265 294 387 335 smsptis
409 294 459 326 usi
480 296 554 326 seint
576 294 702 335 legibus,
725 305 801 326 nam
823 296 964 335 superior
986 298 1072 327 aetas
1095 299 1234 328 contenta
1254 297 1319 336 fuit
1341 298 1436 329 mori-

151 348 214 380 bus.
261 347 346 389 quod
369 349 479 379 autem
502 347 585 378 dixit
608 346 720 389 ‘viris',
744 348 784 380 ad
807 347 946 380 Didonis
969 349 1112 390 pertinet
1136 350 1276 391 laudem,
1299 353 1328 382 et
1350 361 1436 392 sepa-

150 402 246 433 ratim
267 401 505 442 enuntiandum,
528 403 563 432 ut
584 401 626 432 sit
648 402 750 433 maior
773 402 949 434 admiratio.

239 454 313 486 508.
350 461 461 485 SORTE
490 463 678 485 TRAHEBAT
715 455 847 496 proprie
880 455 1007 487 locutus
1042 458 1105 497 est3
1143 456 1318 489 trahuntur
1351 458 1435 489 enim
1456 465 1470 486 5
1503 486 1506 487 ⁷

151 510 269 548 sortes,
299 507 362 539 hoc
389 509 439 538 est
469 507 657 539 educuntur.
703 510 732 539 et
753 508 824 540 bene
847 511 911 540 tam
941 510 1101 550 reynantis
1127 520 1221 550 quam
1244 511 1438 551 aedificantes

149 561 254 593 urbem
275 560 391 601 inplere
413 562 543 592 ostendit
566 561 713 602 officium.

207 646 216 651 -
239 614 313 646 509.
351 622 531 646 concvsssv
551 623 736 647 ACCEDERE
759 624 883 648 MAGNO
908 627 981 648 cum
1005 627 1124 659 magna
1147 616 1303 649 Afrorum
1327 618 1435 650 multi-

147 667 267 700 tudine.
314 668 347 698 et
370 666 432 699 hoc
456 669 506 699 est
530 668 615 709 quod
643 668 799 701 formidat
823 670 965 711 Aeneas,
994 670 1136 702 incertus
1161 682 1224 712 qua
1249 682 1302 703 eos
1327 674 1435 703 mente

149 721 354 753 comitentur.
1161 743 1166 748 -
1457 732 1488 754 1‹›

238 773 312 805 512.
349 782 571 806 DISPVLERAT
596 778 835 817 segregaverat.
874 779 907 809 et
926 788 1047 819 magna
1066 780 1117 810 est
1140 778 1225 810 inter
1245 777 1300 809 edi’
1322 781 1353 810 et
1372 778 1434 810 ‘de'

146 827 344 868 differentia,
374 830 411 859 ut
434 827 582 861 diximus,
673 838 822 862 PENITVS
852 831 949 872 longe
979 843 998 863 a
1025 832 1139 873 regina
1168 833 1323 864 remotos:
1353 844 1434 873 quae

148 891 200 912 res
224 881 324 912 etiam
348 881 524 913 insolentes
549 882 697 915 custodes
722 883 856 915 litorum
880 884 968 917 facit.

237 934 312 966 513.
351 943 537 967 OBSTIPVIT
565 937 597 967 et
621 936 661 968 ad
686 937 893 969 mirationem
918 940 951 970 et
975 938 1015 970 ad
1040 939 1192 970 timorem
1215 939 1269 971 hic
1292 939 1436 980 pertinet

147 997 267 1028 sermo,
295 998 358 1029 quo
382 988 517 1020 dicenda
544 993 770 1032 praeoccupat.
862 1005 1027 1024 macnsrs
1049 993 1092 1024 ad
1113 995 1275 1033 utrumque
1294 993 1434 1033 pertinet.
1456 1000 1487 1022 15

235 1041 309 1072 514.
346 1050 585 1080 LAETITIAQVE
605 1053 775 1082 METVQVE
799 1045 926 1076 laetitia
949 1047 1083 1087 propter
1106 1046 1224 1087 socios,
1248 1048 1336 1077 metu
1361 1058 1433 1087 pro-

147 1095 220 1134 pter
244 1105 445 1127 concursum.
481 1096 527 1128 vel
549 1098 631 1136 quod
652 1098 762 1130 incerti
780 1101 870 1130 eram
887 1099 922 1130 de
942 1099 1097 1131 voluntate
1115 1100 1260 1132 Didonis.
1349 1114 1437 1132 amm

147 1159 332 1180 οοΝιιίνσεκΕ
346 1159 407 1189 pro
432 1148 479 1180 ‘ut
500 1151 740 1192 coniungerent',
762 1152 808 1184 vel
830 1153 874 1184 ad
895 1153 1140 1194 coniunyendum
1162 1154 1256 1185 avidi.

236 1200 309 1233 515.
347 1211 536 1234 ARDEBANT
566 1204 755 1246 cupiebant,
784 1207 821 1236 ut
848 1205 1062 1237 formosum
1092 1209 1227 1248 pastor
1255 1206 1433 1249 Corydon

147 1253 314 1285 ardebat
340 1254 501 1288 Alexim.
552 1257 649 1289 ardeo
682 1260 791 1290 autem
821 1261 854 1290 et
883 1260 1103 1292 accusativum
1136 1261 1222 1301 regit
1254 1262 1287 1291 et
1320 1261 1433 1292 ablati·
1453 1268 1486 1290 20

147 1319 231 1339 vum.
321 1317 385 1340 RES
415 1318 610 1342 INCOGNITA
639 1311 671 1343 id
700 1314 749 1343 est
778 1323 842 1354 qua
870 1313 1050 1345 adfectione
1078 1313 1259 1346 Poenorum
1294 1315 1432 1355 populus

147 1360 317 1393 convenire

235 1415 309 1447 516.
346 1425 584 1449 DISSIMVLANT
618 1418 861 1451 dissimulamus
891 1421 982 1462 nota,
1016 1421 1205 1453 simulamus
1238 1421 1364 1462 ignota,
1397 1424 1433 1453 ut

146 1466 322 1500 Sallustius
346 1470 554 1502 simulator
578 1482 619 1503 ac
643 1472 924 1505 dissimulator.

235 1522 309 1554 517.
347 1532 439 1561 QVAE
460 1533 621 1557 FORTVNA
647 1528 755 1557 utrum
778 1537 948 1568 prospera,
973 1538 1014 1558 an
1034 1527 1192 1560 adversa?
1224 1530 1252 1558 et
1269 1527 1318 1559 hic
1336 1530 1430 1559 osten·
1452 1536 1485 1558 25

148 1575 247 1616 ditur,
270 1576 351 1607 unde
373 1577 414 1608 sit
436 1580 541 1610 metus.

235 1628 309 1660 518.
348 1638 476 1662 cvncrl
496 1640 570 1663 ΝΛΜ
590 1640 691 1664 LECTI
711 1642 859 1666 NAVIBVS
885 1634 965 1666 bene
989 1635 1113 1666 addidit
1137 1634 1256 1676 ‘lecti’‚
1279 1647 1320 1667 ne
1344 1637 1431 1677 peni—

146 1683 199 1713 tus
237 1692 347 1714 omnes
385 1684 603 1726 intellegeres.
649 1687 797 1718 nonnulli
830 1689 941 1718 tamen
975 1686 1084 1719 ‘lectis
1117 1687 1271 1720 navibus'
1307 1689 1432 1730 legunt:

219 1791 251 1814 12
270 1788 403 1824 diximus]
423 1790 459 1816 ad
479 1791 512 1817 A.
532 1790 544 1816 I
564 1792 640 1825 2241]
660 1795 692 1818 19
712 1792 879 1827 formosum]
899 1793 961 1820 buc.
981 1793 1005 1819 Il
1027 1796 1039 1819 1
1060 1794 1069 1827 ss
1089 1796 1122 1819 23
1143 1793 1351 1820 dissimulamus
1371 1816 1377 1821 .
1398 1816 1403 1822 .
1425 1816 1431 1821 .

147 1823 350 1859 dissimulator]
372 1826 406 1853 cf.
426 1825 490 1853 Isid.
511 1826 568 1853 diff.
588 1827 662 1854 verb.
684 1831 735 1854 515
755 1829 764 1862 ΙΙ
786 1831 820 1854 24
840 1828 1002 1863 Sallustius]
1024 1828 1082 1855 Cat.
1103 1832 1127 1862 5,
1147 1832 1163 1855 4

221 1925 234 1947 1
255 1921 377 1950 iteratio.
415 1922 458 1949 ius
478 1923 515 1950 ad
533 1933 589 1951 non
609 1924 715 1959 scripta
733 1925 819 1952 etiam
839 1926 973 1960 pertinet,
999 1926 1075 1960 leges
1094 1927 1131 1953 ad
1149 1926 1192 1953 ius
1213 1927 1356 1962 scriptum.
1376 1928 1406 1954 D
1424 1948 1433 1963 A,

147 1960 162 1983 3
182 1957 258 1991 quod
276 1958 371 1985 autem
391 1958 463 1986 dixit
481 1967 530 1986 om.
549 1959 572 1986 Ο
582 1961 592 1994 ΙΙ
606 1960 685 1995 viris]
706 1961 794 1994 patris
810 1961 833 1987 C
844 1962 854 1995 ΙΙ
868 1962 1021 1995 separatim
1040 1963 1159 1989 enotavit
1174 1963 1335 1997 Scioppius:
1354 1972 1432 1998 repa-

146 1992 201 2019 rati
219 1993 249 2019 in
269 1993 292 2020 0
303 1995 313 2028 ss
331 1996 347 2020 5
367 1995 404 2021 acl
422 2002 446 2021 v.
467 1997 518 2021 508
539 1995 618 2022 Sorte
638 1996 779 2031 trahebat]
800 1997 912 2030 proprie
931 1997 1041 2024 locutus
1060 1998 1104 2024 est
1124 2020 1128 2024 .
1146 2019 1151 2025 .
1169 2018 1175 2024 .
1195 1999 1357 2025 educuntur.
1380 1999 1408 2025 P
1424 2000 1432 2034 j]

148 2031 179 2054 11
200 2029 237 2055 ad
254 2037 278 2055 v.
299 2032 350 2056 512
370 2030 543 2065 Dispulerat]
564 2033 763 2066 segregauerat
782 2053 787 2058 .
809 2054 814 2059 .
836 2054 841 2059 .
861 2032 976 2059 litorum
994 2033 1070 2059 facit.
1093 2033 1120 2059 P
1132 2035 1142 2068 n
1162 2034 1196 2060 de
1217 2035 1245 2061 et
1264 2035 1292 2061 di
1311 2035 1373 2061 LH
1380 2036 1407 2061 P
1424 2036 1432 2063 i*

150 2067 180 2089 12
201 2065 232 2090 ut
250 2064 355 2092 dictum
375 2074 459 2100 supra
474 2066 497 2093 0
522 2067 554 2093 ut
571 2075 655 2101 supra
674 2067 780 2094 dictum
800 2069 843 2094 est
860 2068 888 2094 P
914 2070 946 2095 ut
959 2068 1065 2095 dictum
1080 2070 1123 2095 est
1137 2078 1221 2104 supra
1237 2070 1274 2096 M
1286 2071 1295 2104 ss
1309 2072 1431 2097 remotos

147 2107 180 2125 esc
198 2101 322 2127 remotus
340 2101 374 2127 H
398 2102 515 2134 fortasse
534 2111 551 2129 a
570 2102 740 2137 Carthagine
758 2104 799 2129 vel
818 2112 835 2130 a
854 2111 940 2138 regno
959 2104 1078 2131 Didonis
1097 2106 1243 2139 remotas]
1264 2109 1295 2132 13
1314 2106 1383 2133 fecit
1402 2107 1435 2132 H

146 2134 217 2161 facit
234 2144 268 2162 ea:
286 2136 354 2163 fecit
371 2137 397 2163 L
410 2138 420 2171 ΙΙ
435 2140 468 2164 14
487 2138 523 2164 ad
542 2138 721 2165 mirationem
735 2138 846 2165 BLH:
865 2139 901 2166 ad
920 2139 1135 2167 admirationem
1151 2141 1175 2167 0
1180 2141 1217 2167 M
1228 2142 1238 2175 ΙΙ
1253 2142 1298 2167 hic
1317 2150 1366 2168 om.
1384 2142 1406 2168 G

149 2173 181 2196 15
200 2171 267 2206 quo]
287 2172 363 2205 quod
380 2172 409 2198 B
436 2181 492 2206 quo
511 2182 544 2200 ea:
562 2173 638 2207 quod
657 2174 682 2199 J.
700 2175 709 2208 ΙΙ
728 2183 782 2207 quo
802 2174 920 2202 dicendo
939 2175 1014 2208 quod
1033 2176 1151 2203 dicendo
1168 2176 1191 2203 Ο
1207 2178 1216 2211 ΙΙ
1241 2180 1273 2203 16
1288 2178 1326 2204 ad
1339 2186 1363 2204 v.
1379 2181 1431 2204 514

149 2205 299 2240 Obstipuit.
335 2208 459 2235 Laetitia
477 2209 621 2244 metuque]
641 2209 751 2236 laetitia.
769 2211 884 2244 propter
902 2209 1004 2244 socios,
1029 2213 1107 2238 metu
1125 2214 1240 2246 propter
1259 2221 1429 2240 coneursum.

152 2240 178 2266 P
194 2242 204 2275 ΙΙ
222 2242 311 2269 socios
330 2243 465 2271 liberatos
484 2245 558 2271 edita
576 2245 744 2279 exemplaria
762 2246 772 2279 ΙΙ
796 2248 829 2272 18
848 2245 954 2281 fflldilssl
972 2246 995 2273 Ο
1021 2247 1107 2281 (auidi
1128 2248 1172 2281 0²)
1192 2249 1201 2282 ΙΙ
1225 2251 1257 2274 19
1279 2250 1316 2275 ad
1334 2257 1357 2276 v.
1378 2252 1430 2274 515

149 2276 304 2313 Ardebant]
325 2279 475 2314 cupiebant
494 2301 500 2306 .
516 2302 522 2307 .
539 2302 544 2307 .
565 2280 734 2307 conueniret.
756 2281 805 2315 Pu
819 2284 853 2308 20
872 2281 975 2308 alexim
995 2282 1032 2309 0.·
1060 2283 1152 2310 alexin
1171 2284 1312 2310 BHPM
1338 2293 1362 2311 a.
1383 2285 1407 2310 L
1422 2286 1430 2318 μὶ

149 2314 182 2337 21
202 2311 357 2340 Poenorum
376 2323 426 2342 om.
444 2315 471 2341 P
487 2317 497 2349 ΙΙ
519 2319 553 2342 23
573 2317 611 2343 ad
629 2325 653 2343 v.
669 2320 720 2343 516
740 2316 927 2352 Desimulant]
947 2317 1148 2345 desimulamus
1166 2321 1247 2353 nota,
1267 2320 1430 2346 simulamus

149 2347 253 2380 ignota.
269 2348 317 2382 Pu
331 2353 364 2376 24
379 2351 527 2377 simulatur
542 2360 575 2378 ac
589 2352 783 2378 dissimulatur
797 2352 861 2378 LH
871 2354 950 2386 (corr.
966 2354 986 2386 1)
1000 2355 1010 2387 ΙΙ
1024 2357 1057 2380 27
1072 2364 1181 2381 ονΝυτιε
1202 2355 1232 2380 H
1245 2357 1254 2388 ΙΙ
1268 2359 1301 2381 28
1321 2355 1429 2382 intelle-

149 2390 238 2415 geres.
276 2393 342 2412 sane
362 2387 454 2413 cuncti
474 2395 529 2413 non
547 2387 621 2413 idem
642 2387 783 2422 significat
801 2410 807 2416 .
825 2410 829 2415 .
846 2409 852 2416 .
872 2388 954 2415 simul
973 2391 1038 2415 sunt
1056 2389 1144 2416 iuncti
1166 2390 1189 2416 0
